{"date": null, "monthly_sales": null, "share_manufacturers": null, "sales_ranking_month": null, "maker_ranking": null, "ranking_compact_cars": null}
{"date": "2023-03", "monthly_sales": "26392", "share_manufacturers": "65.95%", "sales_ranking_month": "6", "maker_ranking": "1", "ranking_compact_cars": "2"}
{"date": "2023-02", "monthly_sales": "16827", "share_manufacturers": "55.93%", "sales_ranking_month": "9", "maker_ranking": "1", "ranking_compact_cars": "4"}
{"date": "2023-01", "monthly_sales": "5091", "share_manufacturers": "49.88%", "sales_ranking_month": "83", "maker_ranking": "1", "ranking_compact_cars": "21"}
{"date": "2022-12", "monthly_sales": "13832", "share_manufacturers": "46.10%", "sales_ranking_month": "36", "maker_ranking": "2", "ranking_compact_cars": "11"}
{"date": "2022-11", "monthly_sales": "15323", "share_manufacturers": "53.27%", "sales_ranking_month": "24", "maker_ranking": "1", "ranking_compact_cars": "7"}
{"date": "2022-10", "monthly_sales": "14507", "share_manufacturers": "48.26%", "sales_ranking_month": "36", "maker_ranking": "1", "ranking_compact_cars": "11"}
{"date": "2022-09", "monthly_sales": "13522", "share_manufacturers": "45.05%", "sales_ranking_month": "45", "maker_ranking": "1", "ranking_compact_cars": "11"}
{"date": "2022-08", "monthly_sales": "11683", "share_manufacturers": "43.24%", "sales_ranking_month": "52", "maker_ranking": "1", "ranking_compact_cars": "14"}
{"date": "2022-07", "monthly_sales": "6864", "share_manufacturers": "27.42%", "sales_ranking_month": "102", "maker_ranking": "2", "ranking_compact_cars": "24"}
{"date": "2022-06", "monthly_sales": "8903", "share_manufacturers": "36.93%", "sales_ranking_month": "75", "maker_ranking": "2", "ranking_compact_cars": "18"}
{"date": "2022-05", "monthly_sales": "10503", "share_manufacturers": "49.88%", "sales_ranking_month": "41", "maker_ranking": "1", "ranking_compact_cars": "12"}
{"date": "2022-04", "monthly_sales": "3291", "share_manufacturers": "32.23%", "sales_ranking_month": "82", "maker_ranking": "2", "ranking_compact_cars": "23"}
{"date": "2022-03", "monthly_sales": "6798", "share_manufacturers": "33.46%", "sales_ranking_month": "84", "maker_ranking": "2", "ranking_compact_cars": "22"}
{"date": "2022-02", "monthly_sales": "3380", "share_manufacturers": "39.64%", "sales_ranking_month": "125", "maker_ranking": "1", "ranking_compact_cars": "29"}
{"date": "2022-01", "monthly_sales": "7049", "share_manufacturers": "43.97%", "sales_ranking_month": "90", "maker_ranking": "1", "ranking_compact_cars": "23"}
{"date": "2021-12", "monthly_sales": "6409", "share_manufacturers": "44.20%", "sales_ranking_month": "114", "maker_ranking": "1", "ranking_compact_cars": "25"}
{"date": "2021-11", "monthly_sales": "7465", "share_manufacturers": "49.65%", "sales_ranking_month": "88", "maker_ranking": "1", "ranking_compact_cars": "20"}
{"date": "2021-10", "monthly_sales": "7819", "share_manufacturers": "64.81%", "sales_ranking_month": "80", "maker_ranking": "1", "ranking_compact_cars": "20"}
{"date": "2021-09", "monthly_sales": "7679", "share_manufacturers": "56.58%", "sales_ranking_month": "74", "maker_ranking": "1", "ranking_compact_cars": "21"}
{"date": "2021-08", "monthly_sales": "5238", "share_manufacturers": "45.10%", "sales_ranking_month": "91", "maker_ranking": "1", "ranking_compact_cars": "22"}
{"date": "2021-07", "monthly_sales": "5072", "share_manufacturers": "48.28%", "sales_ranking_month": "95", "maker_ranking": "1", "ranking_compact_cars": "24"}
{"date": "2021-06", "monthly_sales": "5002", "share_manufacturers": "58.57%", "sales_ranking_month": "99", "maker_ranking": "1", "ranking_compact_cars": "23"}
{"date": "2021-05", "monthly_sales": "4905", "share_manufacturers": "58.28%", "sales_ranking_month": "103", "maker_ranking": "1", "ranking_compact_cars": "24"}
{"date": "2021-04", "monthly_sales": "5077", "share_manufacturers": "80.52%", "sales_ranking_month": "103", "maker_ranking": "1", "ranking_compact_cars": "22"}
{"date": "2021-03", "monthly_sales": "5738", "share_manufacturers": "81.82%", "sales_ranking_month": "87", "maker_ranking": "1", "ranking_compact_cars": "20"}
{"date": "2021-02", "monthly_sales": "2724", "share_manufacturers": "84.10%", "sales_ranking_month": "103", "maker_ranking": "1", "ranking_compact_cars": "22"}
{"date": "2021-01", "monthly_sales": "6092", "share_manufacturers": "100.00%", "sales_ranking_month": "87", "maker_ranking": "1", "ranking_compact_cars": "19"}
{"date": "2020-12", "monthly_sales": "5682", "share_manufacturers": "100.00%", "sales_ranking_month": "118", "maker_ranking": "1", "ranking_compact_cars": "29"}
{"date": "2020-11", "monthly_sales": "5084", "share_manufacturers": "100.00%", "sales_ranking_month": "119", "maker_ranking": "1", "ranking_compact_cars": "28"}
{"date": "2020-10", "monthly_sales": "4630", "share_manufacturers": "100.00%", "sales_ranking_month": "121", "maker_ranking": "1", "ranking_compact_cars": "29"}
{"date": "2020-09", "monthly_sales": "4728", "share_manufacturers": "100.00%", "sales_ranking_month": "115", "maker_ranking": "1", "ranking_compact_cars": "28"}
{"date": "2020-08", "monthly_sales": "4121", "share_manufacturers": "67.99%", "sales_ranking_month": "116", "maker_ranking": "1", "ranking_compact_cars": "27"}
{"date": "2020-07", "monthly_sales": "3685", "share_manufacturers": "73.58%", "sales_ranking_month": "123", "maker_ranking": "1", "ranking_compact_cars": "31"}
{"date": "2020-06", "monthly_sales": "3645", "share_manufacturers": "95.34%", "sales_ranking_month": "128", "maker_ranking": "1", "ranking_compact_cars": "32"}
{"date": "2020-05", "monthly_sales": "3892", "share_manufacturers": "94.93%", "sales_ranking_month": "115", "maker_ranking": "1", "ranking_compact_cars": "31"}
{"date": "2020-04", "monthly_sales": "3586", "share_manufacturers": "87.46%", "sales_ranking_month": "121", "maker_ranking": "1", "ranking_compact_cars": "32"}
{"date": "2020-03", "monthly_sales": "2957", "share_manufacturers": "84.41%", "sales_ranking_month": "101", "maker_ranking": "1", "ranking_compact_cars": "27"}
{"date": "2020-02", "monthly_sales": "1433", "share_manufacturers": "88.51%", "sales_ranking_month": "47", "maker_ranking": "1", "ranking_compact_cars": "12"}
{"date": "2020-01", "monthly_sales": "2648", "share_manufacturers": "88.21%", "sales_ranking_month": "155", "maker_ranking": "1", "ranking_compact_cars": "43"}
{"date": "2019-12", "monthly_sales": "8460", "share_manufacturers": "87.23%", "sales_ranking_month": "80", "maker_ranking": "1", "ranking_compact_cars": "21"}
{"date": "2019-11", "monthly_sales": "5341", "share_manufacturers": "91.72%", "sales_ranking_month": "116", "maker_ranking": "1", "ranking_compact_cars": "35"}
{"date": "2019-10", "monthly_sales": "4217", "share_manufacturers": "100.00%", "sales_ranking_month": "144", "maker_ranking": "1", "ranking_compact_cars": "44"}
{"date": "2019-09", "monthly_sales": "4006", "share_manufacturers": "99.90%", "sales_ranking_month": "149", "maker_ranking": "1", "ranking_compact_cars": "45"}
{"date": "2019-08", "monthly_sales": "3815", "share_manufacturers": "99.97%", "sales_ranking_month": "143", "maker_ranking": "1", "ranking_compact_cars": "43"}
{"date": "2019-07", "monthly_sales": "3406", "share_manufacturers": "100.00%", "sales_ranking_month": "146", "maker_ranking": "1", "ranking_compact_cars": "43"}
{"date": "2019-06", "monthly_sales": "2016", "share_manufacturers": "71.51%", "sales_ranking_month": "220", "maker_ranking": "1", "ranking_compact_cars": "56"}
{"date": "2019-05", "monthly_sales": "668", "share_manufacturers": "34.19%", "sales_ranking_month": "308", "maker_ranking": "2", "ranking_compact_cars": "70"}
