{"date": null, "monthly_sales": null, "share_manufacturers": null, "sales_ranking_month": null, "maker_ranking": null, "ranking_compact_cars": null}
{"date": "2023-03", "monthly_sales": "38", "share_manufacturers": "13.24%", "sales_ranking_month": "506", "maker_ranking": "2", "ranking_compact_cars": "84"}
{"date": "2023-01", "monthly_sales": "2", "share_manufacturers": "1.05%", "sales_ranking_month": "531", "maker_ranking": "4", "ranking_compact_cars": "87"}
{"date": "2022-12", "monthly_sales": "62", "share_manufacturers": "2.45%", "sales_ranking_month": "486", "maker_ranking": "3", "ranking_compact_cars": "80"}
{"date": "2022-11", "monthly_sales": "5", "share_manufacturers": "0.19%", "sales_ranking_month": "521", "maker_ranking": "5", "ranking_compact_cars": "84"}
{"date": "2022-10", "monthly_sales": "106", "share_manufacturers": "3.01%", "sales_ranking_month": "459", "maker_ranking": "3", "ranking_compact_cars": "79"}
{"date": "2022-09", "monthly_sales": "152", "share_manufacturers": "40.86%", "sales_ranking_month": "457", "maker_ranking": "1", "ranking_compact_cars": "78"}
{"date": "2022-08", "monthly_sales": "95", "share_manufacturers": "29.50%", "sales_ranking_month": "449", "maker_ranking": "2", "ranking_compact_cars": "72"}
{"date": "2022-07", "monthly_sales": "142", "share_manufacturers": "41.76%", "sales_ranking_month": "435", "maker_ranking": "2", "ranking_compact_cars": "80"}
{"date": "2022-06", "monthly_sales": "134", "share_manufacturers": "57.02%", "sales_ranking_month": "433", "maker_ranking": "1", "ranking_compact_cars": "79"}
{"date": "2022-05", "monthly_sales": "34", "share_manufacturers": "65.38%", "sales_ranking_month": "468", "maker_ranking": "1", "ranking_compact_cars": "83"}
{"date": "2022-03", "monthly_sales": "568", "share_manufacturers": "28.16%", "sales_ranking_month": "344", "maker_ranking": "2", "ranking_compact_cars": "69"}
{"date": "2022-02", "monthly_sales": "142", "share_manufacturers": "26.89%", "sales_ranking_month": "403", "maker_ranking": "2", "ranking_compact_cars": "76"}
{"date": "2022-01", "monthly_sales": "177", "share_manufacturers": "22.13%", "sales_ranking_month": "413", "maker_ranking": "3", "ranking_compact_cars": "73"}
{"date": "2021-12", "monthly_sales": "32", "share_manufacturers": "3.38%", "sales_ranking_month": "494", "maker_ranking": "4", "ranking_compact_cars": "83"}
{"date": "2021-11", "monthly_sales": "290", "share_manufacturers": "23.20%", "sales_ranking_month": "401", "maker_ranking": "2", "ranking_compact_cars": "67"}
{"date": "2021-10", "monthly_sales": "94", "share_manufacturers": "29.38%", "sales_ranking_month": "438", "maker_ranking": "2", "ranking_compact_cars": "74"}
{"date": "2021-09", "monthly_sales": "9", "share_manufacturers": "3.16%", "sales_ranking_month": "477", "maker_ranking": "4", "ranking_compact_cars": "80"}
{"date": "2021-08", "monthly_sales": "25", "share_manufacturers": "10.92%", "sales_ranking_month": "445", "maker_ranking": "4", "ranking_compact_cars": "78"}
{"date": "2021-07", "monthly_sales": "60", "share_manufacturers": "100.00%", "sales_ranking_month": "412", "maker_ranking": "3", "ranking_compact_cars": "73"}
{"date": "2021-06", "monthly_sales": "93", "share_manufacturers": "100.00%", "sales_ranking_month": "423", "maker_ranking": "3", "ranking_compact_cars": "72"}
{"date": "2021-05", "monthly_sales": "164", "share_manufacturers": "100.00%", "sales_ranking_month": "394", "maker_ranking": "2", "ranking_compact_cars": "68"}
{"date": "2021-04", "monthly_sales": "175", "share_manufacturers": "100.00%", "sales_ranking_month": "387", "maker_ranking": "3", "ranking_compact_cars": "66"}
{"date": "2021-03", "monthly_sales": "278", "share_manufacturers": "100.00%", "sales_ranking_month": "365", "maker_ranking": "3", "ranking_compact_cars": "65"}
{"date": "2021-02", "monthly_sales": "66", "share_manufacturers": "100.00%", "sales_ranking_month": "391", "maker_ranking": "3", "ranking_compact_cars": "67"}
{"date": "2021-01", "monthly_sales": "169", "share_manufacturers": "100.00%", "sales_ranking_month": "393", "maker_ranking": "3", "ranking_compact_cars": "69"}
{"date": "2020-12", "monthly_sales": "211", "share_manufacturers": "100.00%", "sales_ranking_month": "413", "maker_ranking": "4", "ranking_compact_cars": "79"}
{"date": "2020-11", "monthly_sales": "143", "share_manufacturers": "100.00%", "sales_ranking_month": "433", "maker_ranking": "3", "ranking_compact_cars": "82"}
{"date": "2020-10", "monthly_sales": "124", "share_manufacturers": "100.00%", "sales_ranking_month": "424", "maker_ranking": "4", "ranking_compact_cars": "82"}
{"date": "2020-09", "monthly_sales": "119", "share_manufacturers": "100.00%", "sales_ranking_month": "401", "maker_ranking": "4", "ranking_compact_cars": "76"}
{"date": "2020-08", "monthly_sales": "177", "share_manufacturers": "15.17%", "sales_ranking_month": "397", "maker_ranking": "3", "ranking_compact_cars": "74"}
{"date": "2020-07", "monthly_sales": "118", "share_manufacturers": "8.20%", "sales_ranking_month": "408", "maker_ranking": "4", "ranking_compact_cars": "77"}
{"date": "2020-06", "monthly_sales": "165", "share_manufacturers": "14.69%", "sales_ranking_month": "384", "maker_ranking": "4", "ranking_compact_cars": "74"}
{"date": "2020-05", "monthly_sales": "163", "share_manufacturers": "15.01%", "sales_ranking_month": "389", "maker_ranking": "3", "ranking_compact_cars": "73"}
{"date": "2020-04", "monthly_sales": "111", "share_manufacturers": "100.00%", "sales_ranking_month": "391", "maker_ranking": "4", "ranking_compact_cars": "77"}
{"date": "2020-03", "monthly_sales": "180", "share_manufacturers": "13.05%", "sales_ranking_month": "346", "maker_ranking": "4", "ranking_compact_cars": "68"}
{"date": "2020-02", "monthly_sales": "67", "share_manufacturers": "25.48%", "sales_ranking_month": "276", "maker_ranking": "2", "ranking_compact_cars": "59"}
{"date": "2020-01", "monthly_sales": "475", "share_manufacturers": "34.35%", "sales_ranking_month": "313", "maker_ranking": "1", "ranking_compact_cars": "68"}
{"date": "2019-12", "monthly_sales": "598", "share_manufacturers": "20.02%", "sales_ranking_month": "344", "maker_ranking": "2", "ranking_compact_cars": "78"}
{"date": "2019-11", "monthly_sales": "232", "share_manufacturers": "35.80%", "sales_ranking_month": "380", "maker_ranking": "2", "ranking_compact_cars": "83"}
{"date": "2019-10", "monthly_sales": "541", "share_manufacturers": "45.35%", "sales_ranking_month": "323", "maker_ranking": "1", "ranking_compact_cars": "67"}
{"date": "2019-09", "monthly_sales": "563", "share_manufacturers": "25.41%", "sales_ranking_month": "325", "maker_ranking": "2", "ranking_compact_cars": "69"}
{"date": "2019-08", "monthly_sales": "413", "share_manufacturers": "20.91%", "sales_ranking_month": "344", "maker_ranking": "2", "ranking_compact_cars": "73"}
{"date": "2019-07", "monthly_sales": "596", "share_manufacturers": "20.81%", "sales_ranking_month": "304", "maker_ranking": "3", "ranking_compact_cars": "66"}
{"date": "2019-06", "monthly_sales": "475", "share_manufacturers": "17.78%", "sales_ranking_month": "345", "maker_ranking": "3", "ranking_compact_cars": "75"}
{"date": "2019-05", "monthly_sales": "669", "share_manufacturers": "27.61%", "sales_ranking_month": "307", "maker_ranking": "3", "ranking_compact_cars": "69"}
{"date": "2019-04", "monthly_sales": "341", "share_manufacturers": "30.39%", "sales_ranking_month": "352", "maker_ranking": "2", "ranking_compact_cars": "84"}
{"date": "2019-03", "monthly_sales": "930", "share_manufacturers": "40.29%", "sales_ranking_month": "319", "maker_ranking": "2", "ranking_compact_cars": "70"}
{"date": "2019-02", "monthly_sales": "770", "share_manufacturers": "38.10%", "sales_ranking_month": "273", "maker_ranking": "2", "ranking_compact_cars": "59"}
{"date": "2019-01", "monthly_sales": "1213", "share_manufacturers": "40.72%", "sales_ranking_month": "266", "maker_ranking": "2", "ranking_compact_cars": "61"}
{"date": "2018-12", "monthly_sales": "2383", "share_manufacturers": "38.83%", "sales_ranking_month": "226", "maker_ranking": "2", "ranking_compact_cars": "54"}
