{"date": null, "monthly_sales": null, "share_manufacturers": null, "sales_ranking_month": null, "maker_ranking": null, "ranking_compact_cars": null}
{"date": "2023-03", "monthly_sales": "639", "share_manufacturers": "6.15%", "sales_ranking_month": "331", "maker_ranking": "3", "ranking_compact_cars": "61"}
{"date": "2023-02", "monthly_sales": "956", "share_manufacturers": "19.18%", "sales_ranking_month": "257", "maker_ranking": "3", "ranking_compact_cars": "58"}
{"date": "2023-01", "monthly_sales": "1323", "share_manufacturers": "14.31%", "sales_ranking_month": "206", "maker_ranking": "3", "ranking_compact_cars": "48"}
{"date": "2022-12", "monthly_sales": "7368", "share_manufacturers": "39.82%", "sales_ranking_month": "94", "maker_ranking": "1", "ranking_compact_cars": "22"}
{"date": "2022-11", "monthly_sales": "6210", "share_manufacturers": "38.26%", "sales_ranking_month": "96", "maker_ranking": "1", "ranking_compact_cars": "23"}
{"date": "2022-10", "monthly_sales": "10032", "share_manufacturers": "46.89%", "sales_ranking_month": "63", "maker_ranking": "1", "ranking_compact_cars": "17"}
{"date": "2022-09", "monthly_sales": "8692", "share_manufacturers": "44.36%", "sales_ranking_month": "83", "maker_ranking": "1", "ranking_compact_cars": "20"}
{"date": "2022-08", "monthly_sales": "7410", "share_manufacturers": "50.60%", "sales_ranking_month": "85", "maker_ranking": "1", "ranking_compact_cars": "20"}
{"date": "2022-07", "monthly_sales": "7556", "share_manufacturers": "62.79%", "sales_ranking_month": "86", "maker_ranking": "1", "ranking_compact_cars": "20"}
{"date": "2022-06", "monthly_sales": "8193", "share_manufacturers": "49.17%", "sales_ranking_month": "84", "maker_ranking": "1", "ranking_compact_cars": "22"}
{"date": "2022-05", "monthly_sales": "4666", "share_manufacturers": "42.52%", "sales_ranking_month": "107", "maker_ranking": "2", "ranking_compact_cars": "27"}
{"date": "2022-04", "monthly_sales": "4306", "share_manufacturers": "46.92%", "sales_ranking_month": "61", "maker_ranking": "1", "ranking_compact_cars": "15"}
{"date": "2022-03", "monthly_sales": "4345", "share_manufacturers": "28.44%", "sales_ranking_month": "126", "maker_ranking": "2", "ranking_compact_cars": "30"}
{"date": "2022-02", "monthly_sales": "2641", "share_manufacturers": "23.21%", "sales_ranking_month": "149", "maker_ranking": "3", "ranking_compact_cars": "33"}
{"date": "2022-01", "monthly_sales": "3053", "share_manufacturers": "16.45%", "sales_ranking_month": "180", "maker_ranking": "3", "ranking_compact_cars": "43"}
{"date": "2021-12", "monthly_sales": "3513", "share_manufacturers": "31.58%", "sales_ranking_month": "186", "maker_ranking": "2", "ranking_compact_cars": "37"}
{"date": "2021-11", "monthly_sales": "4656", "share_manufacturers": "32.85%", "sales_ranking_month": "136", "maker_ranking": "2", "ranking_compact_cars": "28"}
{"date": "2021-10", "monthly_sales": "4298", "share_manufacturers": "35.64%", "sales_ranking_month": "136", "maker_ranking": "2", "ranking_compact_cars": "29"}
{"date": "2021-09", "monthly_sales": "4711", "share_manufacturers": "45.09%", "sales_ranking_month": "108", "maker_ranking": "1", "ranking_compact_cars": "25"}
{"date": "2021-08", "monthly_sales": "2416", "share_manufacturers": "37.52%", "sales_ranking_month": "166", "maker_ranking": "1", "ranking_compact_cars": "35"}
{"date": "2021-07", "monthly_sales": "3031", "share_manufacturers": "37.75%", "sales_ranking_month": "150", "maker_ranking": "1", "ranking_compact_cars": "36"}
{"date": "2021-06", "monthly_sales": "3426", "share_manufacturers": "37.99%", "sales_ranking_month": "132", "maker_ranking": "1", "ranking_compact_cars": "29"}
{"date": "2021-05", "monthly_sales": "1897", "share_manufacturers": "27.72%", "sales_ranking_month": "197", "maker_ranking": "1", "ranking_compact_cars": "36"}
{"date": "2021-04", "monthly_sales": "1035", "share_manufacturers": "17.33%", "sales_ranking_month": "262", "maker_ranking": "3", "ranking_compact_cars": "47"}
{"date": "2021-03", "monthly_sales": "855", "share_manufacturers": "19.00%", "sales_ranking_month": "280", "maker_ranking": "3", "ranking_compact_cars": "49"}
{"date": "2021-02", "monthly_sales": "11", "share_manufacturers": "0.55%", "sales_ranking_month": "446", "maker_ranking": "3", "ranking_compact_cars": "78"}
{"date": "2021-01", "monthly_sales": "26", "share_manufacturers": "0.69%", "sales_ranking_month": "460", "maker_ranking": "4", "ranking_compact_cars": "82"}
{"date": "2020-12", "monthly_sales": "695", "share_manufacturers": "15.02%", "sales_ranking_month": "341", "maker_ranking": "3", "ranking_compact_cars": "66"}
{"date": "2020-11", "monthly_sales": "901", "share_manufacturers": "18.38%", "sales_ranking_month": "307", "maker_ranking": "3", "ranking_compact_cars": "60"}
{"date": "2020-10", "monthly_sales": "1341", "share_manufacturers": "24.63%", "sales_ranking_month": "264", "maker_ranking": "2", "ranking_compact_cars": "52"}
{"date": "2020-09", "monthly_sales": "255", "share_manufacturers": "7.84%", "sales_ranking_month": "361", "maker_ranking": "3", "ranking_compact_cars": "71"}
{"date": "2020-08", "monthly_sales": "23", "share_manufacturers": "0.94%", "sales_ranking_month": "462", "maker_ranking": "3", "ranking_compact_cars": "84"}
{"date": "2020-07", "monthly_sales": "486", "share_manufacturers": "15.86%", "sales_ranking_month": "333", "maker_ranking": "3", "ranking_compact_cars": "67"}
{"date": "2020-06", "monthly_sales": "402", "share_manufacturers": "8.03%", "sales_ranking_month": "339", "maker_ranking": "3", "ranking_compact_cars": "65"}
{"date": "2020-05", "monthly_sales": "386", "share_manufacturers": "15.77%", "sales_ranking_month": "338", "maker_ranking": "2", "ranking_compact_cars": "64"}
{"date": "2020-04", "monthly_sales": "49", "share_manufacturers": "1.34%", "sales_ranking_month": "427", "maker_ranking": "3", "ranking_compact_cars": "82"}
{"date": "2020-03", "monthly_sales": "35", "share_manufacturers": "1.15%", "sales_ranking_month": "422", "maker_ranking": "4", "ranking_compact_cars": "81"}
{"date": "2020-02", "monthly_sales": "2", "share_manufacturers": "0.93%", "sales_ranking_month": "403", "maker_ranking": "3", "ranking_compact_cars": "74"}
{"date": "2020-01", "monthly_sales": "140", "share_manufacturers": "3.48%", "sales_ranking_month": "374", "maker_ranking": "2", "ranking_compact_cars": "79"}
{"date": "2019-12", "monthly_sales": "1826", "share_manufacturers": "32.31%", "sales_ranking_month": "239", "maker_ranking": "2", "ranking_compact_cars": "58"}
{"date": "2019-11", "monthly_sales": "2552", "share_manufacturers": "46.40%", "sales_ranking_month": "193", "maker_ranking": "2", "ranking_compact_cars": "47"}
{"date": "2019-10", "monthly_sales": "1121", "share_manufacturers": "28.20%", "sales_ranking_month": "268", "maker_ranking": "2", "ranking_compact_cars": "57"}
{"date": "2019-09", "monthly_sales": "331", "share_manufacturers": "9.86%", "sales_ranking_month": "363", "maker_ranking": "2", "ranking_compact_cars": "76"}
{"date": "2019-08", "monthly_sales": "373", "share_manufacturers": "9.38%", "sales_ranking_month": "348", "maker_ranking": "2", "ranking_compact_cars": "75"}
{"date": "2019-07", "monthly_sales": "147", "share_manufacturers": "4.12%", "sales_ranking_month": "382", "maker_ranking": "3", "ranking_compact_cars": "81"}
{"date": "2019-06", "monthly_sales": "3525", "share_manufacturers": "49.28%", "sales_ranking_month": "157", "maker_ranking": "1", "ranking_compact_cars": "50"}
{"date": "2019-05", "monthly_sales": "1243", "share_manufacturers": "36.62%", "sales_ranking_month": "252", "maker_ranking": "2", "ranking_compact_cars": "61"}
{"date": "2019-04", "monthly_sales": "525", "share_manufacturers": "15.97%", "sales_ranking_month": "322", "maker_ranking": "2", "ranking_compact_cars": "72"}
{"date": "2019-03", "monthly_sales": "1444", "share_manufacturers": "23.26%", "sales_ranking_month": "274", "maker_ranking": "2", "ranking_compact_cars": "61"}
{"date": "2019-02", "monthly_sales": "603", "share_manufacturers": "15.07%", "sales_ranking_month": "291", "maker_ranking": "2", "ranking_compact_cars": "62"}
