{"date": null, "monthly_sales": null, "share_manufacturers": null, "sales_ranking_month": null, "maker_ranking": null, "ranking_compact_cars": null}
{"date": "2023-03", "monthly_sales": "983", "share_manufacturers": "1.58%", "sales_ranking_month": "271", "maker_ranking": "11", "ranking_compact_cars": "56"}
{"date": "2023-02", "monthly_sales": "905", "share_manufacturers": "1.81%", "sales_ranking_month": "266", "maker_ranking": "11", "ranking_compact_cars": "59"}
{"date": "2023-01", "monthly_sales": "780", "share_manufacturers": "1.78%", "sales_ranking_month": "273", "maker_ranking": "10", "ranking_compact_cars": "59"}
{"date": "2022-12", "monthly_sales": "1556", "share_manufacturers": "2.61%", "sales_ranking_month": "269", "maker_ranking": "8", "ranking_compact_cars": "57"}
{"date": "2022-11", "monthly_sales": "1928", "share_manufacturers": "2.93%", "sales_ranking_month": "223", "maker_ranking": "7", "ranking_compact_cars": "48"}
{"date": "2022-10", "monthly_sales": "1596", "share_manufacturers": "2.13%", "sales_ranking_month": "256", "maker_ranking": "8", "ranking_compact_cars": "57"}
{"date": "2022-09", "monthly_sales": "963", "share_manufacturers": "1.13%", "sales_ranking_month": "325", "maker_ranking": "10", "ranking_compact_cars": "64"}
{"date": "2022-08", "monthly_sales": "1385", "share_manufacturers": "1.48%", "sales_ranking_month": "259", "maker_ranking": "9", "ranking_compact_cars": "51"}
{"date": "2022-07", "monthly_sales": "1515", "share_manufacturers": "1.83%", "sales_ranking_month": "261", "maker_ranking": "10", "ranking_compact_cars": "57"}
{"date": "2022-06", "monthly_sales": "1157", "share_manufacturers": "1.13%", "sales_ranking_month": "284", "maker_ranking": "10", "ranking_compact_cars": "56"}
{"date": "2022-05", "monthly_sales": "2098", "share_manufacturers": "3.62%", "sales_ranking_month": "179", "maker_ranking": "8", "ranking_compact_cars": "43"}
{"date": "2022-04", "monthly_sales": "1955", "share_manufacturers": "6.22%", "sales_ranking_month": "129", "maker_ranking": "6", "ranking_compact_cars": "36"}
{"date": "2022-03", "monthly_sales": "5203", "share_manufacturers": "7.44%", "sales_ranking_month": "108", "maker_ranking": "4", "ranking_compact_cars": "25"}
{"date": "2022-02", "monthly_sales": "3852", "share_manufacturers": "5.07%", "sales_ranking_month": "109", "maker_ranking": "8", "ranking_compact_cars": "26"}
{"date": "2022-01", "monthly_sales": "2220", "share_manufacturers": "4.31%", "sales_ranking_month": "211", "maker_ranking": "5", "ranking_compact_cars": "51"}
{"date": "2021-12", "monthly_sales": "3801", "share_manufacturers": "4.29%", "sales_ranking_month": "173", "maker_ranking": "7", "ranking_compact_cars": "36"}
{"date": "2021-11", "monthly_sales": "3447", "share_manufacturers": "4.17%", "sales_ranking_month": "172", "maker_ranking": "7", "ranking_compact_cars": "33"}
{"date": "2021-10", "monthly_sales": "1105", "share_manufacturers": "1.53%", "sales_ranking_month": "282", "maker_ranking": "8", "ranking_compact_cars": "51"}
