{"date": null, "monthly_sales": null, "share_manufacturers": null, "sales_ranking_month": null, "maker_ranking": null, "ranking_compact_cars": null}
{"date": "2023-03", "monthly_sales": "1030", "share_manufacturers": "2.60%", "sales_ranking_month": "263", "maker_ranking": "7", "ranking_compact_cars": "52"}
{"date": "2023-02", "monthly_sales": "1008", "share_manufacturers": "2.68%", "sales_ranking_month": "249", "maker_ranking": "7", "ranking_compact_cars": "56"}
{"date": "2023-01", "monthly_sales": "1076", "share_manufacturers": "4.54%", "sales_ranking_month": "229", "maker_ranking": "7", "ranking_compact_cars": "52"}
{"date": "2022-12", "monthly_sales": "1957", "share_manufacturers": "3.21%", "sales_ranking_month": "242", "maker_ranking": "6", "ranking_compact_cars": "52"}
{"date": "2022-11", "monthly_sales": "1982", "share_manufacturers": "5.45%", "sales_ranking_month": "222", "maker_ranking": "5", "ranking_compact_cars": "47"}
{"date": "2022-10", "monthly_sales": "94", "share_manufacturers": "0.19%", "sales_ranking_month": "463", "maker_ranking": "9", "ranking_compact_cars": "80"}
{"date": "2022-09", "monthly_sales": "745", "share_manufacturers": "1.72%", "sales_ranking_month": "350", "maker_ranking": "9", "ranking_compact_cars": "69"}
{"date": "2022-08", "monthly_sales": "1980", "share_manufacturers": "4.20%", "sales_ranking_month": "217", "maker_ranking": "6", "ranking_compact_cars": "44"}
{"date": "2022-07", "monthly_sales": "646", "share_manufacturers": "0.83%", "sales_ranking_month": "345", "maker_ranking": "9", "ranking_compact_cars": "69"}
{"date": "2022-06", "monthly_sales": "1080", "share_manufacturers": "1.45%", "sales_ranking_month": "295", "maker_ranking": "9", "ranking_compact_cars": "60"}
{"date": "2022-05", "monthly_sales": "899", "share_manufacturers": "2.51%", "sales_ranking_month": "285", "maker_ranking": "8", "ranking_compact_cars": "59"}
{"date": "2022-04", "monthly_sales": "190", "share_manufacturers": "1.16%", "sales_ranking_month": "371", "maker_ranking": "9", "ranking_compact_cars": "70"}
{"date": "2022-03", "monthly_sales": "754", "share_manufacturers": "1.06%", "sales_ranking_month": "318", "maker_ranking": "9", "ranking_compact_cars": "67"}
{"date": "2022-01", "monthly_sales": "131", "share_manufacturers": "0.17%", "sales_ranking_month": "424", "maker_ranking": "9", "ranking_compact_cars": "74"}
{"date": "2021-12", "monthly_sales": "2764", "share_manufacturers": "3.72%", "sales_ranking_month": "212", "maker_ranking": "6", "ranking_compact_cars": "43"}
{"date": "2021-11", "monthly_sales": "3334", "share_manufacturers": "3.96%", "sales_ranking_month": "177", "maker_ranking": "6", "ranking_compact_cars": "36"}
{"date": "2021-10", "monthly_sales": "5549", "share_manufacturers": "8.48%", "sales_ranking_month": "107", "maker_ranking": "4", "ranking_compact_cars": "26"}
{"date": "2021-09", "monthly_sales": "4558", "share_manufacturers": "7.00%", "sales_ranking_month": "112", "maker_ranking": "5", "ranking_compact_cars": "26"}
{"date": "2021-08", "monthly_sales": "2500", "share_manufacturers": "6.24%", "sales_ranking_month": "164", "maker_ranking": "6", "ranking_compact_cars": "34"}
{"date": "2021-07", "monthly_sales": "3828", "share_manufacturers": "9.22%", "sales_ranking_month": "127", "maker_ranking": "4", "ranking_compact_cars": "30"}
{"date": "2021-06", "monthly_sales": "2995", "share_manufacturers": "6.02%", "sales_ranking_month": "153", "maker_ranking": "5", "ranking_compact_cars": "31"}
{"date": "2021-05", "monthly_sales": "2995", "share_manufacturers": "6.02%", "sales_ranking_month": "157", "maker_ranking": "5", "ranking_compact_cars": "33"}
{"date": "2021-04", "monthly_sales": "307", "share_manufacturers": "0.41%", "sales_ranking_month": "355", "maker_ranking": "8", "ranking_compact_cars": "58"}
{"date": "2021-03", "monthly_sales": "351", "share_manufacturers": "0.42%", "sales_ranking_month": "347", "maker_ranking": "7", "ranking_compact_cars": "62"}
{"date": "2021-02", "monthly_sales": "429", "share_manufacturers": "0.92%", "sales_ranking_month": "269", "maker_ranking": "7", "ranking_compact_cars": "50"}
{"date": "2021-01", "monthly_sales": "718", "share_manufacturers": "1.01%", "sales_ranking_month": "293", "maker_ranking": "7", "ranking_compact_cars": "51"}
{"date": "2020-12", "monthly_sales": "3483", "share_manufacturers": "3.07%", "sales_ranking_month": "168", "maker_ranking": "8", "ranking_compact_cars": "35"}
{"date": "2020-11", "monthly_sales": "3115", "share_manufacturers": "3.28%", "sales_ranking_month": "172", "maker_ranking": "7", "ranking_compact_cars": "39"}
{"date": "2020-10", "monthly_sales": "4928", "share_manufacturers": "5.72%", "sales_ranking_month": "115", "maker_ranking": "6", "ranking_compact_cars": "28"}
{"date": "2020-09", "monthly_sales": "5719", "share_manufacturers": "6.03%", "sales_ranking_month": "101", "maker_ranking": "5", "ranking_compact_cars": "25"}
{"date": "2020-08", "monthly_sales": "2952", "share_manufacturers": "3.99%", "sales_ranking_month": "149", "maker_ranking": "7", "ranking_compact_cars": "34"}
{"date": "2020-07", "monthly_sales": "4807", "share_manufacturers": "5.97%", "sales_ranking_month": "102", "maker_ranking": "5", "ranking_compact_cars": "24"}
{"date": "2020-06", "monthly_sales": "3336", "share_manufacturers": "4.38%", "sales_ranking_month": "140", "maker_ranking": "6", "ranking_compact_cars": "35"}
{"date": "2020-05", "monthly_sales": "1279", "share_manufacturers": "1.76%", "sales_ranking_month": "247", "maker_ranking": "6", "ranking_compact_cars": "50"}
{"date": "2020-04", "monthly_sales": "5619", "share_manufacturers": "7.61%", "sales_ranking_month": "82", "maker_ranking": "4", "ranking_compact_cars": "22"}
{"date": "2020-03", "monthly_sales": "550", "share_manufacturers": "5.49%", "sales_ranking_month": "269", "maker_ranking": "5", "ranking_compact_cars": "56"}
{"date": "2020-02", "monthly_sales": "--", "share_manufacturers": "--", "sales_ranking_month": "--", "maker_ranking": "--", "ranking_compact_cars": "--"}
{"date": "2020-01", "monthly_sales": "6796", "share_manufacturers": "10.11%", "sales_ranking_month": "73", "maker_ranking": "4", "ranking_compact_cars": "20"}
{"date": "2019-12", "monthly_sales": "5009", "share_manufacturers": "7.16%", "sales_ranking_month": "133", "maker_ranking": "5", "ranking_compact_cars": "41"}
{"date": "2019-11", "monthly_sales": "5891", "share_manufacturers": "7.30%", "sales_ranking_month": "101", "maker_ranking": "4", "ranking_compact_cars": "30"}
{"date": "2019-10", "monthly_sales": "5506", "share_manufacturers": "7.44%", "sales_ranking_month": "109", "maker_ranking": "5", "ranking_compact_cars": "34"}
{"date": "2019-09", "monthly_sales": "6275", "share_manufacturers": "8.10%", "sales_ranking_month": "94", "maker_ranking": "4", "ranking_compact_cars": "32"}
{"date": "2019-08", "monthly_sales": "3935", "share_manufacturers": "6.53%", "sales_ranking_month": "142", "maker_ranking": "5", "ranking_compact_cars": "42"}
{"date": "2019-07", "monthly_sales": "6037", "share_manufacturers": "8.16%", "sales_ranking_month": "73", "maker_ranking": "4", "ranking_compact_cars": "22"}
{"date": "2019-06", "monthly_sales": "6407", "share_manufacturers": "9.68%", "sales_ranking_month": "81", "maker_ranking": "3", "ranking_compact_cars": "26"}
{"date": "2019-05", "monthly_sales": "6690", "share_manufacturers": "10.61%", "sales_ranking_month": "68", "maker_ranking": "4", "ranking_compact_cars": "23"}
{"date": "2019-04", "monthly_sales": "5590", "share_manufacturers": "9.02%", "sales_ranking_month": "95", "maker_ranking": "4", "ranking_compact_cars": "30"}
{"date": "2019-03", "monthly_sales": "534", "share_manufacturers": "0.73%", "sales_ranking_month": "357", "maker_ranking": "10", "ranking_compact_cars": "79"}
