{"date": null, "monthly_sales": null, "share_manufacturers": null, "sales_ranking_month": null, "maker_ranking": null, "ranking_compact_cars": null}
{"date": "2023-03", "monthly_sales": "9311", "share_manufacturers": "39.61%", "sales_ranking_month": "46", "maker_ranking": "1", "ranking_compact_cars": "11"}
{"date": "2023-02", "monthly_sales": "6806", "share_manufacturers": "41.20%", "sales_ranking_month": "68", "maker_ranking": "1", "ranking_compact_cars": "19"}
{"date": "2023-01", "monthly_sales": "8139", "share_manufacturers": "40.54%", "sales_ranking_month": "43", "maker_ranking": "1", "ranking_compact_cars": "14"}
{"date": "2022-12", "monthly_sales": "8129", "share_manufacturers": "32.44%", "sales_ranking_month": "82", "maker_ranking": "2", "ranking_compact_cars": "20"}
{"date": "2022-11", "monthly_sales": "8879", "share_manufacturers": "41.20%", "sales_ranking_month": "65", "maker_ranking": "1", "ranking_compact_cars": "14"}
{"date": "2022-10", "monthly_sales": "11562", "share_manufacturers": "43.54%", "sales_ranking_month": "55", "maker_ranking": "1", "ranking_compact_cars": "16"}
{"date": "2022-09", "monthly_sales": "13851", "share_manufacturers": "41.96%", "sales_ranking_month": "41", "maker_ranking": "1", "ranking_compact_cars": "9"}
{"date": "2022-08", "monthly_sales": "18238", "share_manufacturers": "37.21%", "sales_ranking_month": "26", "maker_ranking": "1", "ranking_compact_cars": "7"}
{"date": "2022-07", "monthly_sales": "11226", "share_manufacturers": "46.71%", "sales_ranking_month": "54", "maker_ranking": "1", "ranking_compact_cars": "12"}
{"date": "2022-06", "monthly_sales": "8580", "share_manufacturers": "47.41%", "sales_ranking_month": "78", "maker_ranking": "1", "ranking_compact_cars": "19"}
{"date": "2022-05", "monthly_sales": "3789", "share_manufacturers": "44.92%", "sales_ranking_month": "126", "maker_ranking": "1", "ranking_compact_cars": "34"}
{"date": "2022-04", "monthly_sales": "4014", "share_manufacturers": "40.09%", "sales_ranking_month": "71", "maker_ranking": "1", "ranking_compact_cars": "19"}
{"date": "2022-03", "monthly_sales": "5080", "share_manufacturers": "29.70%", "sales_ranking_month": "112", "maker_ranking": "1", "ranking_compact_cars": "27"}
{"date": "2022-02", "monthly_sales": "3640", "share_manufacturers": "22.12%", "sales_ranking_month": "116", "maker_ranking": "2", "ranking_compact_cars": "27"}
{"date": "2022-01", "monthly_sales": "7211", "share_manufacturers": "29.98%", "sales_ranking_month": "88", "maker_ranking": "1", "ranking_compact_cars": "21"}
{"date": "2021-12", "monthly_sales": "17009", "share_manufacturers": "42.17%", "sales_ranking_month": "33", "maker_ranking": "1", "ranking_compact_cars": "12"}
{"date": "2021-11", "monthly_sales": "13366", "share_manufacturers": "40.14%", "sales_ranking_month": "45", "maker_ranking": "1", "ranking_compact_cars": "13"}
{"date": "2021-10", "monthly_sales": "13068", "share_manufacturers": "50.74%", "sales_ranking_month": "39", "maker_ranking": "1", "ranking_compact_cars": "11"}
{"date": "2021-09", "monthly_sales": "7819", "share_manufacturers": "40.32%", "sales_ranking_month": "70", "maker_ranking": "1", "ranking_compact_cars": "19"}
{"date": "2021-08", "monthly_sales": "8816", "share_manufacturers": "31.11%", "sales_ranking_month": "51", "maker_ranking": "2", "ranking_compact_cars": "14"}
{"date": "2021-07", "monthly_sales": "8381", "share_manufacturers": "35.00%", "sales_ranking_month": "46", "maker_ranking": "2", "ranking_compact_cars": "12"}
{"date": "2021-06", "monthly_sales": "10290", "share_manufacturers": "32.01%", "sales_ranking_month": "35", "maker_ranking": "1", "ranking_compact_cars": "11"}
{"date": "2021-05", "monthly_sales": "10587", "share_manufacturers": "30.89%", "sales_ranking_month": "38", "maker_ranking": "1", "ranking_compact_cars": "11"}
{"date": "2021-04", "monthly_sales": "7614", "share_manufacturers": "24.30%", "sales_ranking_month": "72", "maker_ranking": "2", "ranking_compact_cars": "15"}
{"date": "2021-03", "monthly_sales": "11440", "share_manufacturers": "30.87%", "sales_ranking_month": "43", "maker_ranking": "1", "ranking_compact_cars": "13"}
{"date": "2021-02", "monthly_sales": "5488", "share_manufacturers": "28.76%", "sales_ranking_month": "61", "maker_ranking": "1", "ranking_compact_cars": "15"}
{"date": "2021-01", "monthly_sales": "16961", "share_manufacturers": "42.20%", "sales_ranking_month": "28", "maker_ranking": "1", "ranking_compact_cars": "11"}
{"date": "2020-12", "monthly_sales": "19433", "share_manufacturers": "37.85%", "sales_ranking_month": "24", "maker_ranking": "1", "ranking_compact_cars": "10"}
{"date": "2020-11", "monthly_sales": "11762", "share_manufacturers": "23.84%", "sales_ranking_month": "57", "maker_ranking": "1", "ranking_compact_cars": "14"}
{"date": "2020-10", "monthly_sales": "8556", "share_manufacturers": "0.00%", "sales_ranking_month": "718", "maker_ranking": "1", "ranking_compact_cars": "16"}
{"date": "2020-09", "monthly_sales": "2799", "share_manufacturers": "9.79%", "sales_ranking_month": "176", "maker_ranking": "6", "ranking_compact_cars": "37"}
{"date": "2017-12", "monthly_sales": "--", "share_manufacturers": "--", "sales_ranking_month": "--", "maker_ranking": "--", "ranking_compact_cars": "--"}
{"date": "2016-11", "monthly_sales": "1", "share_manufacturers": "0.00%", "sales_ranking_month": "404", "maker_ranking": "12", "ranking_compact_cars": "111"}
{"date": "2016-08", "monthly_sales": "1", "share_manufacturers": "0.00%", "sales_ranking_month": "393", "maker_ranking": "12", "ranking_compact_cars": "110"}
{"date": "2016-07", "monthly_sales": "70", "share_manufacturers": "0.10%", "sales_ranking_month": "348", "maker_ranking": "12", "ranking_compact_cars": "95"}
{"date": "2016-06", "monthly_sales": "383", "share_manufacturers": "0.39%", "sales_ranking_month": "299", "maker_ranking": "12", "ranking_compact_cars": "83"}
{"date": "2016-05", "monthly_sales": "912", "share_manufacturers": "0.91%", "sales_ranking_month": "246", "maker_ranking": "12", "ranking_compact_cars": "71"}
{"date": "2016-04", "monthly_sales": "1047", "share_manufacturers": "1.09%", "sales_ranking_month": "234", "maker_ranking": "11", "ranking_compact_cars": "67"}
{"date": "2016-03", "monthly_sales": "504", "share_manufacturers": "0.50%", "sales_ranking_month": "286", "maker_ranking": "11", "ranking_compact_cars": "81"}
{"date": "2016-02", "monthly_sales": "294", "share_manufacturers": "0.55%", "sales_ranking_month": "277", "maker_ranking": "10", "ranking_compact_cars": "78"}
{"date": "2016-01", "monthly_sales": "629", "share_manufacturers": "0.84%", "sales_ranking_month": "272", "maker_ranking": "11", "ranking_compact_cars": "81"}
{"date": "2015-12", "monthly_sales": "1089", "share_manufacturers": "0.85%", "sales_ranking_month": "253", "maker_ranking": "9", "ranking_compact_cars": "72"}
{"date": "2015-11", "monthly_sales": "606", "share_manufacturers": "0.55%", "sales_ranking_month": "276", "maker_ranking": "9", "ranking_compact_cars": "83"}
{"date": "2015-10", "monthly_sales": "992", "share_manufacturers": "0.99%", "sales_ranking_month": "244", "maker_ranking": "10", "ranking_compact_cars": "72"}
{"date": "2015-09", "monthly_sales": "793", "share_manufacturers": "0.88%", "sales_ranking_month": "245", "maker_ranking": "9", "ranking_compact_cars": "71"}
{"date": "2015-08", "monthly_sales": "832", "share_manufacturers": "1.19%", "sales_ranking_month": "219", "maker_ranking": "8", "ranking_compact_cars": "63"}
{"date": "2015-07", "monthly_sales": "1059", "share_manufacturers": "1.95%", "sales_ranking_month": "197", "maker_ranking": "9", "ranking_compact_cars": "64"}
{"date": "2015-06", "monthly_sales": "1159", "share_manufacturers": "1.93%", "sales_ranking_month": "210", "maker_ranking": "9", "ranking_compact_cars": "63"}
{"date": "2015-05", "monthly_sales": "1291", "share_manufacturers": "1.61%", "sales_ranking_month": "210", "maker_ranking": "8", "ranking_compact_cars": "65"}
{"date": "2015-04", "monthly_sales": "1955", "share_manufacturers": "2.17%", "sales_ranking_month": "184", "maker_ranking": "9", "ranking_compact_cars": "60"}
