{"date": null, "monthly_sales": null, "share_manufacturers": null, "sales_ranking_month": null, "maker_ranking": null, "ranking_compact_cars": null}
{"date": "2023-03", "monthly_sales": "6924", "share_manufacturers": "8.55%", "sales_ranking_month": "67", "maker_ranking": "5", "ranking_compact_cars": "16"}
{"date": "2023-02", "monthly_sales": "7304", "share_manufacturers": "10.22%", "sales_ranking_month": "58", "maker_ranking": "4", "ranking_compact_cars": "15"}
{"date": "2023-01", "monthly_sales": "8272", "share_manufacturers": "10.61%", "sales_ranking_month": "42", "maker_ranking": "4", "ranking_compact_cars": "13"}
{"date": "2022-12", "monthly_sales": "12225", "share_manufacturers": "10.29%", "sales_ranking_month": "47", "maker_ranking": "4", "ranking_compact_cars": "14"}
{"date": "2022-11", "monthly_sales": "12797", "share_manufacturers": "11.70%", "sales_ranking_month": "31", "maker_ranking": "3", "ranking_compact_cars": "10"}
{"date": "2022-10", "monthly_sales": "9968", "share_manufacturers": "8.17%", "sales_ranking_month": "66", "maker_ranking": "4", "ranking_compact_cars": "18"}
{"date": "2022-09", "monthly_sales": "6182", "share_manufacturers": "4.93%", "sales_ranking_month": "117", "maker_ranking": "7", "ranking_compact_cars": "27"}
{"date": "2022-08", "monthly_sales": "12399", "share_manufacturers": "6.87%", "sales_ranking_month": "51", "maker_ranking": "6", "ranking_compact_cars": "13"}
{"date": "2022-07", "monthly_sales": "10717", "share_manufacturers": "8.54%", "sales_ranking_month": "55", "maker_ranking": "4", "ranking_compact_cars": "13"}
{"date": "2022-06", "monthly_sales": "11983", "share_manufacturers": "9.81%", "sales_ranking_month": "51", "maker_ranking": "5", "ranking_compact_cars": "13"}
{"date": "2022-05", "monthly_sales": "7718", "share_manufacturers": "9.24%", "sales_ranking_month": "66", "maker_ranking": "5", "ranking_compact_cars": "19"}
{"date": "2022-04", "monthly_sales": "1683", "share_manufacturers": "5.87%", "sales_ranking_month": "144", "maker_ranking": "5", "ranking_compact_cars": "39"}
{"date": "2022-03", "monthly_sales": "7324", "share_manufacturers": "7.03%", "sales_ranking_month": "79", "maker_ranking": "6", "ranking_compact_cars": "20"}
{"date": "2022-02", "monthly_sales": "2555", "share_manufacturers": "2.97%", "sales_ranking_month": "151", "maker_ranking": "10", "ranking_compact_cars": "34"}
{"date": "2022-01", "monthly_sales": "7067", "share_manufacturers": "5.68%", "sales_ranking_month": "89", "maker_ranking": "5", "ranking_compact_cars": "22"}
{"date": "2021-12", "monthly_sales": "8474", "share_manufacturers": "6.47%", "sales_ranking_month": "86", "maker_ranking": "7", "ranking_compact_cars": "20"}
{"date": "2021-11", "monthly_sales": "5882", "share_manufacturers": "4.62%", "sales_ranking_month": "112", "maker_ranking": "6", "ranking_compact_cars": "25"}
{"date": "2021-10", "monthly_sales": "8129", "share_manufacturers": "7.23%", "sales_ranking_month": "75", "maker_ranking": "6", "ranking_compact_cars": "19"}
{"date": "2021-09", "monthly_sales": "2495", "share_manufacturers": "2.14%", "sales_ranking_month": "175", "maker_ranking": "8", "ranking_compact_cars": "35"}
{"date": "2021-08", "monthly_sales": "7285", "share_manufacturers": "6.19%", "sales_ranking_month": "65", "maker_ranking": "6", "ranking_compact_cars": "18"}
{"date": "2021-07", "monthly_sales": "851", "share_manufacturers": "1.24%", "sales_ranking_month": "266", "maker_ranking": "11", "ranking_compact_cars": "54"}
{"date": "2021-06", "monthly_sales": "1416", "share_manufacturers": "2.22%", "sales_ranking_month": "237", "maker_ranking": "8", "ranking_compact_cars": "45"}
{"date": "2021-05", "monthly_sales": "6338", "share_manufacturers": "5.90%", "sales_ranking_month": "80", "maker_ranking": "6", "ranking_compact_cars": "18"}
{"date": "2021-04", "monthly_sales": "4932", "share_manufacturers": "4.87%", "sales_ranking_month": "106", "maker_ranking": "6", "ranking_compact_cars": "24"}
{"date": "2021-03", "monthly_sales": "5805", "share_manufacturers": "5.40%", "sales_ranking_month": "86", "maker_ranking": "6", "ranking_compact_cars": "19"}
{"date": "2021-02", "monthly_sales": "3885", "share_manufacturers": "8.09%", "sales_ranking_month": "82", "maker_ranking": "5", "ranking_compact_cars": "19"}
{"date": "2021-01", "monthly_sales": "221", "share_manufacturers": "0.26%", "sales_ranking_month": "379", "maker_ranking": "14", "ranking_compact_cars": "67"}
{"date": "2020-12", "monthly_sales": "4853", "share_manufacturers": "3.32%", "sales_ranking_month": "131", "maker_ranking": "8", "ranking_compact_cars": "32"}
{"date": "2020-11", "monthly_sales": "6694", "share_manufacturers": "4.59%", "sales_ranking_month": "94", "maker_ranking": "6", "ranking_compact_cars": "22"}
{"date": "2020-10", "monthly_sales": "5322", "share_manufacturers": "3.88%", "sales_ranking_month": "107", "maker_ranking": "6", "ranking_compact_cars": "26"}
{"date": "2020-09", "monthly_sales": "9163", "share_manufacturers": "5.84%", "sales_ranking_month": "63", "maker_ranking": "6", "ranking_compact_cars": "15"}
{"date": "2020-08", "monthly_sales": "5304", "share_manufacturers": "4.11%", "sales_ranking_month": "95", "maker_ranking": "7", "ranking_compact_cars": "26"}
{"date": "2020-07", "monthly_sales": "6249", "share_manufacturers": "5.12%", "sales_ranking_month": "78", "maker_ranking": "6", "ranking_compact_cars": "18"}
{"date": "2020-06", "monthly_sales": "5658", "share_manufacturers": "4.43%", "sales_ranking_month": "91", "maker_ranking": "7", "ranking_compact_cars": "23"}
{"date": "2020-05", "monthly_sales": "7022", "share_manufacturers": "5.90%", "sales_ranking_month": "71", "maker_ranking": "5", "ranking_compact_cars": "18"}
{"date": "2020-04", "monthly_sales": "9581", "share_manufacturers": "8.41%", "sales_ranking_month": "48", "maker_ranking": "5", "ranking_compact_cars": "13"}
{"date": "2020-03", "monthly_sales": "1838", "share_manufacturers": "3.24%", "sales_ranking_month": "146", "maker_ranking": "7", "ranking_compact_cars": "36"}
{"date": "2020-02", "monthly_sales": "477", "share_manufacturers": "5.68%", "sales_ranking_month": "122", "maker_ranking": "6", "ranking_compact_cars": "31"}
{"date": "2020-01", "monthly_sales": "3859", "share_manufacturers": "3.67%", "sales_ranking_month": "120", "maker_ranking": "6", "ranking_compact_cars": "34"}
{"date": "2019-12", "monthly_sales": "5931", "share_manufacturers": "2.88%", "sales_ranking_month": "116", "maker_ranking": "8", "ranking_compact_cars": "33"}
{"date": "2019-11", "monthly_sales": "9991", "share_manufacturers": "5.65%", "sales_ranking_month": "66", "maker_ranking": "6", "ranking_compact_cars": "18"}
{"date": "2019-10", "monthly_sales": "7377", "share_manufacturers": "5.21%", "sales_ranking_month": "81", "maker_ranking": "6", "ranking_compact_cars": "24"}
{"date": "2019-09", "monthly_sales": "8669", "share_manufacturers": "5.70%", "sales_ranking_month": "67", "maker_ranking": "6", "ranking_compact_cars": "23"}
{"date": "2019-08", "monthly_sales": "8525", "share_manufacturers": "6.69%", "sales_ranking_month": "58", "maker_ranking": "6", "ranking_compact_cars": "16"}
{"date": "2019-07", "monthly_sales": "5305", "share_manufacturers": "4.29%", "sales_ranking_month": "85", "maker_ranking": "7", "ranking_compact_cars": "26"}
{"date": "2019-06", "monthly_sales": "8165", "share_manufacturers": "6.14%", "sales_ranking_month": "62", "maker_ranking": "7", "ranking_compact_cars": "19"}
{"date": "2019-05", "monthly_sales": "9167", "share_manufacturers": "6.95%", "sales_ranking_month": "45", "maker_ranking": "6", "ranking_compact_cars": "15"}
{"date": "2019-04", "monthly_sales": "8025", "share_manufacturers": "6.51%", "sales_ranking_month": "54", "maker_ranking": "6", "ranking_compact_cars": "19"}
{"date": "2019-03", "monthly_sales": "11800", "share_manufacturers": "8.06%", "sales_ranking_month": "47", "maker_ranking": "5", "ranking_compact_cars": "18"}
{"date": "2019-02", "monthly_sales": "6584", "share_manufacturers": "6.77%", "sales_ranking_month": "53", "maker_ranking": "6", "ranking_compact_cars": "18"}
