{"date": null, "monthly_sales": null, "share_manufacturers": null, "sales_ranking_month": null, "maker_ranking": null, "ranking_compact_cars": null}
{"date": "2023-03", "monthly_sales": "897", "share_manufacturers": "2.15%", "sales_ranking_month": "285", "maker_ranking": "9", "ranking_compact_cars": "58"}
{"date": "2023-02", "monthly_sales": "1037", "share_manufacturers": "2.90%", "sales_ranking_month": "244", "maker_ranking": "8", "ranking_compact_cars": "55"}
{"date": "2023-01", "monthly_sales": "1711", "share_manufacturers": "4.25%", "sales_ranking_month": "179", "maker_ranking": "8", "ranking_compact_cars": "42"}
{"date": "2022-12", "monthly_sales": "1046", "share_manufacturers": "1.79%", "sales_ranking_month": "317", "maker_ranking": "8", "ranking_compact_cars": "64"}
{"date": "2022-11", "monthly_sales": "1326", "share_manufacturers": "2.83%", "sales_ranking_month": "274", "maker_ranking": "7", "ranking_compact_cars": "60"}
{"date": "2022-10", "monthly_sales": "703", "share_manufacturers": "1.11%", "sales_ranking_month": "340", "maker_ranking": "8", "ranking_compact_cars": "63"}
{"date": "2022-09", "monthly_sales": "2576", "share_manufacturers": "3.74%", "sales_ranking_month": "207", "maker_ranking": "8", "ranking_compact_cars": "46"}
{"date": "2022-07", "monthly_sales": "2310", "share_manufacturers": "3.07%", "sales_ranking_month": "220", "maker_ranking": "8", "ranking_compact_cars": "48"}
{"date": "2022-06", "monthly_sales": "2221", "share_manufacturers": "3.04%", "sales_ranking_month": "209", "maker_ranking": "8", "ranking_compact_cars": "48"}
{"date": "2022-05", "monthly_sales": "1154", "share_manufacturers": "2.49%", "sales_ranking_month": "259", "maker_ranking": "8", "ranking_compact_cars": "56"}
{"date": "2022-04", "monthly_sales": "848", "share_manufacturers": "3.56%", "sales_ranking_month": "221", "maker_ranking": "6", "ranking_compact_cars": "50"}
{"date": "2022-03", "monthly_sales": "4331", "share_manufacturers": "5.71%", "sales_ranking_month": "127", "maker_ranking": "8", "ranking_compact_cars": "31"}
{"date": "2022-02", "monthly_sales": "3613", "share_manufacturers": "6.37%", "sales_ranking_month": "117", "maker_ranking": "7", "ranking_compact_cars": "28"}
{"date": "2022-01", "monthly_sales": "4811", "share_manufacturers": "6.22%", "sales_ranking_month": "130", "maker_ranking": "6", "ranking_compact_cars": "29"}
{"date": "2021-12", "monthly_sales": "2365", "share_manufacturers": "3.33%", "sales_ranking_month": "239", "maker_ranking": "7", "ranking_compact_cars": "47"}
{"date": "2021-11", "monthly_sales": "4574", "share_manufacturers": "5.95%", "sales_ranking_month": "140", "maker_ranking": "5", "ranking_compact_cars": "29"}
{"date": "2021-10", "monthly_sales": "6118", "share_manufacturers": "8.19%", "sales_ranking_month": "97", "maker_ranking": "5", "ranking_compact_cars": "24"}
{"date": "2021-09", "monthly_sales": "6063", "share_manufacturers": "8.52%", "sales_ranking_month": "87", "maker_ranking": "5", "ranking_compact_cars": "24"}
{"date": "2021-08", "monthly_sales": "117", "share_manufacturers": "0.27%", "sales_ranking_month": "401", "maker_ranking": "6", "ranking_compact_cars": "74"}
{"date": "2021-07", "monthly_sales": "7482", "share_manufacturers": "12.50%", "sales_ranking_month": "55", "maker_ranking": "5", "ranking_compact_cars": "14"}
{"date": "2021-06", "monthly_sales": "6619", "share_manufacturers": "12.41%", "sales_ranking_month": "68", "maker_ranking": "4", "ranking_compact_cars": "18"}
{"date": "2021-05", "monthly_sales": "5361", "share_manufacturers": "8.37%", "sales_ranking_month": "93", "maker_ranking": "5", "ranking_compact_cars": "21"}
{"date": "2021-04", "monthly_sales": "1914", "share_manufacturers": "2.73%", "sales_ranking_month": "190", "maker_ranking": "7", "ranking_compact_cars": "36"}
{"date": "2021-03", "monthly_sales": "378", "share_manufacturers": "0.61%", "sales_ranking_month": "339", "maker_ranking": "7", "ranking_compact_cars": "59"}
{"date": "2021-02", "monthly_sales": "1100", "share_manufacturers": "2.70%", "sales_ranking_month": "187", "maker_ranking": "7", "ranking_compact_cars": "36"}
{"date": "2021-01", "monthly_sales": "2133", "share_manufacturers": "2.79%", "sales_ranking_month": "188", "maker_ranking": "7", "ranking_compact_cars": "33"}
{"date": "2020-12", "monthly_sales": "8809", "share_manufacturers": "11.09%", "sales_ranking_month": "75", "maker_ranking": "4", "ranking_compact_cars": "19"}
{"date": "2020-11", "monthly_sales": "10202", "share_manufacturers": "12.02%", "sales_ranking_month": "64", "maker_ranking": "5", "ranking_compact_cars": "16"}
{"date": "2020-10", "monthly_sales": "11060", "share_manufacturers": "12.89%", "sales_ranking_month": "53", "maker_ranking": "5", "ranking_compact_cars": "14"}
{"date": "2020-09", "monthly_sales": "10260", "share_manufacturers": "11.85%", "sales_ranking_month": "58", "maker_ranking": "5", "ranking_compact_cars": "14"}
{"date": "2020-08", "monthly_sales": "10804", "share_manufacturers": "15.05%", "sales_ranking_month": "49", "maker_ranking": "4", "ranking_compact_cars": "14"}
{"date": "2020-07", "monthly_sales": "13568", "share_manufacturers": "19.19%", "sales_ranking_month": "38", "maker_ranking": "3", "ranking_compact_cars": "13"}
{"date": "2020-06", "monthly_sales": "12021", "share_manufacturers": "14.66%", "sales_ranking_month": "42", "maker_ranking": "4", "ranking_compact_cars": "15"}
{"date": "2020-05", "monthly_sales": "8719", "share_manufacturers": "14.71%", "sales_ranking_month": "59", "maker_ranking": "4", "ranking_compact_cars": "16"}
{"date": "2020-04", "monthly_sales": "12692", "share_manufacturers": "17.99%", "sales_ranking_month": "32", "maker_ranking": "2", "ranking_compact_cars": "11"}
{"date": "2020-03", "monthly_sales": "4665", "share_manufacturers": "14.54%", "sales_ranking_month": "69", "maker_ranking": "3", "ranking_compact_cars": "19"}
{"date": "2020-02", "monthly_sales": "1440", "share_manufacturers": "19.31%", "sales_ranking_month": "46", "maker_ranking": "2", "ranking_compact_cars": "11"}
{"date": "2020-01", "monthly_sales": "9139", "share_manufacturers": "14.84%", "sales_ranking_month": "60", "maker_ranking": "4", "ranking_compact_cars": "14"}
{"date": "2019-12", "monthly_sales": "10020", "share_manufacturers": "16.02%", "sales_ranking_month": "72", "maker_ranking": "3", "ranking_compact_cars": "17"}
{"date": "2019-11", "monthly_sales": "15829", "share_manufacturers": "23.22%", "sales_ranking_month": "30", "maker_ranking": "2", "ranking_compact_cars": "12"}
{"date": "2019-10", "monthly_sales": "15421", "share_manufacturers": "24.04%", "sales_ranking_month": "24", "maker_ranking": "2", "ranking_compact_cars": "11"}
{"date": "2019-09", "monthly_sales": "16545", "share_manufacturers": "23.40%", "sales_ranking_month": "23", "maker_ranking": "2", "ranking_compact_cars": "10"}
{"date": "2019-08", "monthly_sales": "12903", "share_manufacturers": "22.75%", "sales_ranking_month": "29", "maker_ranking": "2", "ranking_compact_cars": "11"}
{"date": "2019-07", "monthly_sales": "12010", "share_manufacturers": "22.99%", "sales_ranking_month": "33", "maker_ranking": "2", "ranking_compact_cars": "12"}
{"date": "2019-06", "monthly_sales": "12706", "share_manufacturers": "18.11%", "sales_ranking_month": "33", "maker_ranking": "3", "ranking_compact_cars": "14"}
{"date": "2019-05", "monthly_sales": "10356", "share_manufacturers": "15.93%", "sales_ranking_month": "39", "maker_ranking": "3", "ranking_compact_cars": "14"}
{"date": "2019-04", "monthly_sales": "11508", "share_manufacturers": "16.41%", "sales_ranking_month": "35", "maker_ranking": "3", "ranking_compact_cars": "13"}
{"date": "2019-03", "monthly_sales": "12147", "share_manufacturers": "16.83%", "sales_ranking_month": "44", "maker_ranking": "3", "ranking_compact_cars": "17"}
{"date": "2019-02", "monthly_sales": "9820", "share_manufacturers": "23.49%", "sales_ranking_month": "30", "maker_ranking": "2", "ranking_compact_cars": "14"}
{"date": "2019-01", "monthly_sales": "14788", "share_manufacturers": "20.11%", "sales_ranking_month": "33", "maker_ranking": "2", "ranking_compact_cars": "15"}
