{"date": null, "monthly_sales": null, "share_manufacturers": null, "sales_ranking_month": null, "maker_ranking": null, "ranking_compact_cars": null}
{"date": "2023-03", "monthly_sales": "2479", "share_manufacturers": "52.34%", "sales_ranking_month": "165", "maker_ranking": "1", "ranking_compact_cars": "39"}
{"date": "2023-02", "monthly_sales": "2248", "share_manufacturers": "37.82%", "sales_ranking_month": "161", "maker_ranking": "1", "ranking_compact_cars": "36"}
{"date": "2023-01", "monthly_sales": "1563", "share_manufacturers": "47.78%", "sales_ranking_month": "187", "maker_ranking": "1", "ranking_compact_cars": "44"}
{"date": "2022-12", "monthly_sales": "5305", "share_manufacturers": "35.43%", "sales_ranking_month": "127", "maker_ranking": "1", "ranking_compact_cars": "32"}
{"date": "2022-11", "monthly_sales": "4922", "share_manufacturers": "47.27%", "sales_ranking_month": "126", "maker_ranking": "1", "ranking_compact_cars": "31"}
{"date": "2022-10", "monthly_sales": "5701", "share_manufacturers": "58.01%", "sales_ranking_month": "115", "maker_ranking": "1", "ranking_compact_cars": "29"}
{"date": "2022-09", "monthly_sales": "6307", "share_manufacturers": "39.07%", "sales_ranking_month": "116", "maker_ranking": "1", "ranking_compact_cars": "26"}
{"date": "2022-08", "monthly_sales": "5895", "share_manufacturers": "37.19%", "sales_ranking_month": "109", "maker_ranking": "2", "ranking_compact_cars": "25"}
{"date": "2022-07", "monthly_sales": "5286", "share_manufacturers": "43.28%", "sales_ranking_month": "128", "maker_ranking": "1", "ranking_compact_cars": "28"}
{"date": "2022-06", "monthly_sales": "4744", "share_manufacturers": "42.52%", "sales_ranking_month": "136", "maker_ranking": "1", "ranking_compact_cars": "35"}
{"date": "2022-05", "monthly_sales": "4461", "share_manufacturers": "60.54%", "sales_ranking_month": "112", "maker_ranking": "1", "ranking_compact_cars": "30"}
{"date": "2022-04", "monthly_sales": "2513", "share_manufacturers": "53.49%", "sales_ranking_month": "109", "maker_ranking": "1", "ranking_compact_cars": "30"}
{"date": "2022-03", "monthly_sales": "2450", "share_manufacturers": "45.78%", "sales_ranking_month": "194", "maker_ranking": "1", "ranking_compact_cars": "45"}
{"date": "2022-02", "monthly_sales": "2192", "share_manufacturers": "42.06%", "sales_ranking_month": "166", "maker_ranking": "1", "ranking_compact_cars": "38"}
{"date": "2022-01", "monthly_sales": "3585", "share_manufacturers": "47.40%", "sales_ranking_month": "166", "maker_ranking": "1", "ranking_compact_cars": "40"}
{"date": "2021-12", "monthly_sales": "6060", "share_manufacturers": "93.97%", "sales_ranking_month": "122", "maker_ranking": "1", "ranking_compact_cars": "27"}
{"date": "2021-11", "monthly_sales": "3563", "share_manufacturers": "76.03%", "sales_ranking_month": "170", "maker_ranking": "1", "ranking_compact_cars": "32"}
{"date": "2021-10", "monthly_sales": "2004", "share_manufacturers": "58.89%", "sales_ranking_month": "220", "maker_ranking": "1", "ranking_compact_cars": "41"}
{"date": "2021-09", "monthly_sales": "1676", "share_manufacturers": "46.39%", "sales_ranking_month": "219", "maker_ranking": "2", "ranking_compact_cars": "44"}
{"date": "2021-08", "monthly_sales": "1639", "share_manufacturers": "68.15%", "sales_ranking_month": "207", "maker_ranking": "1", "ranking_compact_cars": "43"}
{"date": "2021-07", "monthly_sales": "1291", "share_manufacturers": "69.22%", "sales_ranking_month": "228", "maker_ranking": "1", "ranking_compact_cars": "48"}
{"date": "2021-06", "monthly_sales": "942", "share_manufacturers": "59.47%", "sales_ranking_month": "265", "maker_ranking": "1", "ranking_compact_cars": "49"}
{"date": "2021-05", "monthly_sales": "772", "share_manufacturers": "50.36%", "sales_ranking_month": "283", "maker_ranking": "1", "ranking_compact_cars": "50"}
{"date": "2021-04", "monthly_sales": "284", "share_manufacturers": "32.46%", "sales_ranking_month": "366", "maker_ranking": "2", "ranking_compact_cars": "62"}
{"date": "2021-03", "monthly_sales": "25", "share_manufacturers": "2.57%", "sales_ranking_month": "455", "maker_ranking": "2", "ranking_compact_cars": "81"}
{"date": "2021-02", "monthly_sales": "--", "share_manufacturers": "--", "sales_ranking_month": "--", "maker_ranking": "--", "ranking_compact_cars": "--"}
{"date": "2021-01", "monthly_sales": "75", "share_manufacturers": "6.35%", "sales_ranking_month": "424", "maker_ranking": "2", "ranking_compact_cars": "72"}
{"date": "2020-12", "monthly_sales": "593", "share_manufacturers": "41.85%", "sales_ranking_month": "354", "maker_ranking": "2", "ranking_compact_cars": "70"}
{"date": "2020-11", "monthly_sales": "948", "share_manufacturers": "47.23%", "sales_ranking_month": "303", "maker_ranking": "2", "ranking_compact_cars": "59"}
{"date": "2020-10", "monthly_sales": "725", "share_manufacturers": "37.88%", "sales_ranking_month": "325", "maker_ranking": "2", "ranking_compact_cars": "62"}
{"date": "2020-09", "monthly_sales": "326", "share_manufacturers": "29.37%", "sales_ranking_month": "351", "maker_ranking": "2", "ranking_compact_cars": "68"}
{"date": "2020-08", "monthly_sales": "326", "share_manufacturers": "29.37%", "sales_ranking_month": "349", "maker_ranking": "2", "ranking_compact_cars": "63"}
{"date": "2020-07", "monthly_sales": "874", "share_manufacturers": "100.00%", "sales_ranking_month": "272", "maker_ranking": "1", "ranking_compact_cars": "48"}
{"date": "2020-06", "monthly_sales": "63", "share_manufacturers": "100.00%", "sales_ranking_month": "437", "maker_ranking": "1", "ranking_compact_cars": "84"}
{"date": "2020-05", "monthly_sales": "216", "share_manufacturers": "100.00%", "sales_ranking_month": "371", "maker_ranking": "1", "ranking_compact_cars": "70"}
{"date": "2020-04", "monthly_sales": "168", "share_manufacturers": "100.00%", "sales_ranking_month": "364", "maker_ranking": "1", "ranking_compact_cars": "73"}
{"date": "2020-03", "monthly_sales": "293", "share_manufacturers": "100.00%", "sales_ranking_month": "320", "maker_ranking": "1", "ranking_compact_cars": "60"}
{"date": "2020-02", "monthly_sales": "285", "share_manufacturers": "100.00%", "sales_ranking_month": "169", "maker_ranking": "1", "ranking_compact_cars": "42"}
{"date": "2020-01", "monthly_sales": "96", "share_manufacturers": "100.00%", "sales_ranking_month": "397", "maker_ranking": "1", "ranking_compact_cars": "83"}
{"date": "2019-12", "monthly_sales": "1070", "share_manufacturers": "100.00%", "sales_ranking_month": "303", "maker_ranking": "1", "ranking_compact_cars": "69"}
{"date": "2019-11", "monthly_sales": "2456", "share_manufacturers": "100.00%", "sales_ranking_month": "202", "maker_ranking": "1", "ranking_compact_cars": "49"}
{"date": "2019-10", "monthly_sales": "1565", "share_manufacturers": "100.00%", "sales_ranking_month": "241", "maker_ranking": "1", "ranking_compact_cars": "54"}
{"date": "2019-09", "monthly_sales": "1184", "share_manufacturers": "100.00%", "sales_ranking_month": "263", "maker_ranking": "1", "ranking_compact_cars": "57"}
{"date": "2019-08", "monthly_sales": "1176", "share_manufacturers": "100.00%", "sales_ranking_month": "262", "maker_ranking": "1", "ranking_compact_cars": "59"}
{"date": "2019-07", "monthly_sales": "1076", "share_manufacturers": "100.00%", "sales_ranking_month": "254", "maker_ranking": "1", "ranking_compact_cars": "56"}
{"date": "2019-06", "monthly_sales": "1743", "share_manufacturers": "100.00%", "sales_ranking_month": "235", "maker_ranking": "1", "ranking_compact_cars": "58"}
{"date": "2019-05", "monthly_sales": "1375", "share_manufacturers": "100.00%", "sales_ranking_month": "237", "maker_ranking": "1", "ranking_compact_cars": "58"}
{"date": "2019-04", "monthly_sales": "1017", "share_manufacturers": "100.00%", "sales_ranking_month": "270", "maker_ranking": "1", "ranking_compact_cars": "68"}
