{"date": null, "monthly_sales": null, "share_manufacturers": null, "sales_ranking_month": null, "maker_ranking": null, "ranking_compact_cars": null}
{"date": "2023-03", "monthly_sales": "65", "share_manufacturers": "0.17%", "sales_ranking_month": "488", "maker_ranking": "12", "ranking_compact_cars": "81"}
{"date": "2023-02", "monthly_sales": "75", "share_manufacturers": "0.23%", "sales_ranking_month": "460", "maker_ranking": "12", "ranking_compact_cars": "81"}
{"date": "2023-01", "monthly_sales": "126", "share_manufacturers": "0.36%", "sales_ranking_month": "425", "maker_ranking": "12", "ranking_compact_cars": "74"}
{"date": "2022-07", "monthly_sales": "800", "share_manufacturers": "1.14%", "sales_ranking_month": "324", "maker_ranking": "10", "ranking_compact_cars": "66"}
{"date": "2022-06", "monthly_sales": "700", "share_manufacturers": "0.92%", "sales_ranking_month": "335", "maker_ranking": "9", "ranking_compact_cars": "69"}
{"date": "2021-12", "monthly_sales": "--", "share_manufacturers": "--", "sales_ranking_month": "--", "maker_ranking": "--", "ranking_compact_cars": "--"}
{"date": "2021-11", "monthly_sales": "--", "share_manufacturers": "--", "sales_ranking_month": "--", "maker_ranking": "--", "ranking_compact_cars": "--"}
{"date": "2021-10", "monthly_sales": "--", "share_manufacturers": "--", "sales_ranking_month": "--", "maker_ranking": "--", "ranking_compact_cars": "--"}
{"date": "2021-09", "monthly_sales": "107", "share_manufacturers": "0.13%", "sales_ranking_month": "420", "maker_ranking": "12", "ranking_compact_cars": "69"}
{"date": "2021-08", "monthly_sales": "1394", "share_manufacturers": "2.17%", "sales_ranking_month": "226", "maker_ranking": "9", "ranking_compact_cars": "49"}
{"date": "2021-07", "monthly_sales": "--", "share_manufacturers": "--", "sales_ranking_month": "--", "maker_ranking": "--", "ranking_compact_cars": "--"}
{"date": "2021-06", "monthly_sales": "--", "share_manufacturers": "--", "sales_ranking_month": "--", "maker_ranking": "--", "ranking_compact_cars": "--"}
{"date": "2021-05", "monthly_sales": "500", "share_manufacturers": "1.23%", "sales_ranking_month": "321", "maker_ranking": "9", "ranking_compact_cars": "55"}
{"date": "2021-04", "monthly_sales": "1", "share_manufacturers": "0.00%", "sales_ranking_month": "487", "maker_ranking": "12", "ranking_compact_cars": "87"}
{"date": "2021-03", "monthly_sales": "638", "share_manufacturers": "0.86%", "sales_ranking_month": "304", "maker_ranking": "9", "ranking_compact_cars": "55"}
{"date": "2021-02", "monthly_sales": "862", "share_manufacturers": "1.84%", "sales_ranking_month": "220", "maker_ranking": "7", "ranking_compact_cars": "42"}
{"date": "2021-01", "monthly_sales": "--", "share_manufacturers": "--", "sales_ranking_month": "--", "maker_ranking": "--", "ranking_compact_cars": "--"}
{"date": "2020-12", "monthly_sales": "--", "share_manufacturers": "--", "sales_ranking_month": "--", "maker_ranking": "--", "ranking_compact_cars": "--"}
{"date": "2020-11", "monthly_sales": "405", "share_manufacturers": "0.41%", "sales_ranking_month": "367", "maker_ranking": "13", "ranking_compact_cars": "71"}
{"date": "2020-10", "monthly_sales": "795", "share_manufacturers": "0.90%", "sales_ranking_month": "319", "maker_ranking": "11", "ranking_compact_cars": "60"}
{"date": "2020-09", "monthly_sales": "--", "share_manufacturers": "--", "sales_ranking_month": "--", "maker_ranking": "--", "ranking_compact_cars": "--"}
{"date": "2020-08", "monthly_sales": "210", "share_manufacturers": "0.24%", "sales_ranking_month": "384", "maker_ranking": "14", "ranking_compact_cars": "72"}
{"date": "2020-07", "monthly_sales": "798", "share_manufacturers": "1.04%", "sales_ranking_month": "285", "maker_ranking": "9", "ranking_compact_cars": "50"}
{"date": "2020-06", "monthly_sales": "--", "share_manufacturers": "--", "sales_ranking_month": "--", "maker_ranking": "--", "ranking_compact_cars": "--"}
{"date": "2020-05", "monthly_sales": "--", "share_manufacturers": "--", "sales_ranking_month": "--", "maker_ranking": "--", "ranking_compact_cars": "--"}
{"date": "2020-04", "monthly_sales": "--", "share_manufacturers": "--", "sales_ranking_month": "--", "maker_ranking": "--", "ranking_compact_cars": "--"}
{"date": "2020-03", "monthly_sales": "--", "share_manufacturers": "--", "sales_ranking_month": "--", "maker_ranking": "--", "ranking_compact_cars": "--"}
{"date": "2020-02", "monthly_sales": "2", "share_manufacturers": "0.05%", "sales_ranking_month": "397", "maker_ranking": "10", "ranking_compact_cars": "77"}
{"date": "2020-01", "monthly_sales": "923", "share_manufacturers": "1.34%", "sales_ranking_month": "260", "maker_ranking": "12", "ranking_compact_cars": "58"}
{"date": "2019-12", "monthly_sales": "882", "share_manufacturers": "1.13%", "sales_ranking_month": "316", "maker_ranking": "11", "ranking_compact_cars": "74"}
{"date": "2019-11", "monthly_sales": "676", "share_manufacturers": "0.95%", "sales_ranking_month": "319", "maker_ranking": "11", "ranking_compact_cars": "72"}
{"date": "2019-10", "monthly_sales": "1063", "share_manufacturers": "1.37%", "sales_ranking_month": "273", "maker_ranking": "10", "ranking_compact_cars": "59"}
{"date": "2019-09", "monthly_sales": "--", "share_manufacturers": "--", "sales_ranking_month": "--", "maker_ranking": "--", "ranking_compact_cars": "--"}
{"date": "2019-08", "monthly_sales": "2", "share_manufacturers": "0.00%", "sales_ranking_month": "495", "maker_ranking": "11", "ranking_compact_cars": "103"}
{"date": "2019-07", "monthly_sales": "--", "share_manufacturers": "--", "sales_ranking_month": "--", "maker_ranking": "--", "ranking_compact_cars": "--"}
{"date": "2019-05", "monthly_sales": "268", "share_manufacturers": "0.38%", "sales_ranking_month": "365", "maker_ranking": "9", "ranking_compact_cars": "86"}
{"date": "2019-04", "monthly_sales": "2364", "share_manufacturers": "3.70%", "sales_ranking_month": "185", "maker_ranking": "7", "ranking_compact_cars": "55"}
{"date": "2019-03", "monthly_sales": "1696", "share_manufacturers": "1.94%", "sales_ranking_month": "257", "maker_ranking": "9", "ranking_compact_cars": "59"}
{"date": "2019-02", "monthly_sales": "968", "share_manufacturers": "1.57%", "sales_ranking_month": "243", "maker_ranking": "9", "ranking_compact_cars": "55"}
{"date": "2019-01", "monthly_sales": "1231", "share_manufacturers": "1.32%", "sales_ranking_month": "265", "maker_ranking": "10", "ranking_compact_cars": "60"}
{"date": "2018-12", "monthly_sales": "1839", "share_manufacturers": "2.12%", "sales_ranking_month": "258", "maker_ranking": "9", "ranking_compact_cars": "64"}
{"date": "2018-11", "monthly_sales": "1021", "share_manufacturers": "1.05%", "sales_ranking_month": "308", "maker_ranking": "9", "ranking_compact_cars": "71"}
{"date": "2018-10", "monthly_sales": "1599", "share_manufacturers": "1.62%", "sales_ranking_month": "264", "maker_ranking": "9", "ranking_compact_cars": "66"}
{"date": "2018-09", "monthly_sales": "1915", "share_manufacturers": "1.87%", "sales_ranking_month": "224", "maker_ranking": "9", "ranking_compact_cars": "55"}
{"date": "2018-08", "monthly_sales": "1336", "share_manufacturers": "1.42%", "sales_ranking_month": "243", "maker_ranking": "9", "ranking_compact_cars": "57"}
{"date": "2018-07", "monthly_sales": "2157", "share_manufacturers": "3.02%", "sales_ranking_month": "179", "maker_ranking": "8", "ranking_compact_cars": "51"}
{"date": "2018-06", "monthly_sales": "3528", "share_manufacturers": "4.78%", "sales_ranking_month": "149", "maker_ranking": "7", "ranking_compact_cars": "41"}
{"date": "2017-07", "monthly_sales": "1", "share_manufacturers": "0.00%", "sales_ranking_month": "436", "maker_ranking": "9", "ranking_compact_cars": "104"}
{"date": "2017-03", "monthly_sales": "2", "share_manufacturers": "0.00%", "sales_ranking_month": "399", "maker_ranking": "8", "ranking_compact_cars": "99"}
{"date": "2016-12", "monthly_sales": "4046", "share_manufacturers": "3.28%", "sales_ranking_month": "181", "maker_ranking": "8", "ranking_compact_cars": "51"}
