{"date": null, "monthly_sales": null, "share_manufacturers": null, "sales_ranking_month": null, "maker_ranking": null, "ranking_compact_cars": null}
{"date": "2023-03", "monthly_sales": "16833", "share_manufacturers": "27.00%", "sales_ranking_month": "13", "maker_ranking": "1", "ranking_compact_cars": "6"}
{"date": "2023-02", "monthly_sales": "12776", "share_manufacturers": "25.57%", "sales_ranking_month": "21", "maker_ranking": "1", "ranking_compact_cars": "7"}
{"date": "2023-01", "monthly_sales": "12444", "share_manufacturers": "28.42%", "sales_ranking_month": "21", "maker_ranking": "1", "ranking_compact_cars": "5"}
{"date": "2022-12", "monthly_sales": "18208", "share_manufacturers": "30.50%", "sales_ranking_month": "21", "maker_ranking": "1", "ranking_compact_cars": "8"}
{"date": "2022-11", "monthly_sales": "21582", "share_manufacturers": "32.78%", "sales_ranking_month": "13", "maker_ranking": "1", "ranking_compact_cars": "4"}
{"date": "2022-10", "monthly_sales": "28483", "share_manufacturers": "38.02%", "sales_ranking_month": "10", "maker_ranking": "1", "ranking_compact_cars": "4"}
{"date": "2022-09", "monthly_sales": "25218", "share_manufacturers": "29.68%", "sales_ranking_month": "9", "maker_ranking": "1", "ranking_compact_cars": "4"}
{"date": "2022-08", "monthly_sales": "27304", "share_manufacturers": "29.25%", "sales_ranking_month": "13", "maker_ranking": "2", "ranking_compact_cars": "4"}
{"date": "2022-07", "monthly_sales": "24167", "share_manufacturers": "29.22%", "sales_ranking_month": "10", "maker_ranking": "1", "ranking_compact_cars": "5"}
{"date": "2022-06", "monthly_sales": "38370", "share_manufacturers": "37.60%", "sales_ranking_month": "5", "maker_ranking": "1", "ranking_compact_cars": "3"}
{"date": "2022-05", "monthly_sales": "10187", "share_manufacturers": "17.58%", "sales_ranking_month": "44", "maker_ranking": "3", "ranking_compact_cars": "14"}
{"date": "2022-04", "monthly_sales": "9397", "share_manufacturers": "29.89%", "sales_ranking_month": "21", "maker_ranking": "2", "ranking_compact_cars": "5"}
{"date": "2022-03", "monthly_sales": "25173", "share_manufacturers": "35.98%", "sales_ranking_month": "8", "maker_ranking": "1", "ranking_compact_cars": "3"}
{"date": "2022-02", "monthly_sales": "22725", "share_manufacturers": "29.93%", "sales_ranking_month": "7", "maker_ranking": "1", "ranking_compact_cars": "3"}
{"date": "2022-01", "monthly_sales": "12564", "share_manufacturers": "24.42%", "sales_ranking_month": "47", "maker_ranking": "2", "ranking_compact_cars": "12"}
{"date": "2021-12", "monthly_sales": "30677", "share_manufacturers": "34.58%", "sales_ranking_month": "6", "maker_ranking": "1", "ranking_compact_cars": "2"}
{"date": "2021-11", "monthly_sales": "30821", "share_manufacturers": "37.26%", "sales_ranking_month": "6", "maker_ranking": "1", "ranking_compact_cars": "3"}
{"date": "2021-10", "monthly_sales": "19456", "share_manufacturers": "26.91%", "sales_ranking_month": "17", "maker_ranking": "2", "ranking_compact_cars": "8"}
{"date": "2021-09", "monthly_sales": "10661", "share_manufacturers": "23.60%", "sales_ranking_month": "40", "maker_ranking": "2", "ranking_compact_cars": "14"}
{"date": "2021-08", "monthly_sales": "12606", "share_manufacturers": "29.19%", "sales_ranking_month": "23", "maker_ranking": "1", "ranking_compact_cars": "8"}
{"date": "2021-07", "monthly_sales": "31950", "share_manufacturers": "40.73%", "sales_ranking_month": "2", "maker_ranking": "1", "ranking_compact_cars": "2"}
{"date": "2021-06", "monthly_sales": "33253", "share_manufacturers": "44.46%", "sales_ranking_month": "2", "maker_ranking": "1", "ranking_compact_cars": "2"}
{"date": "2021-05", "monthly_sales": "28465", "share_manufacturers": "42.47%", "sales_ranking_month": "4", "maker_ranking": "1", "ranking_compact_cars": "4"}
{"date": "2021-04", "monthly_sales": "24106", "share_manufacturers": "40.31%", "sales_ranking_month": "7", "maker_ranking": "1", "ranking_compact_cars": "3"}
{"date": "2021-03", "monthly_sales": "34899", "share_manufacturers": "41.73%", "sales_ranking_month": "5", "maker_ranking": "1", "ranking_compact_cars": "4"}
{"date": "2021-02", "monthly_sales": "24700", "share_manufacturers": "49.35%", "sales_ranking_month": "4", "maker_ranking": "1", "ranking_compact_cars": "3"}
{"date": "2021-01", "monthly_sales": "36709", "share_manufacturers": "44.31%", "sales_ranking_month": "6", "maker_ranking": "1", "ranking_compact_cars": "4"}
{"date": "2020-12", "monthly_sales": "32324", "share_manufacturers": "44.01%", "sales_ranking_month": "7", "maker_ranking": "1", "ranking_compact_cars": "4"}
{"date": "2020-11", "monthly_sales": "35373", "share_manufacturers": "44.35%", "sales_ranking_month": "6", "maker_ranking": "1", "ranking_compact_cars": "5"}
{"date": "2020-10", "monthly_sales": "29053", "share_manufacturers": "44.84%", "sales_ranking_month": "9", "maker_ranking": "1", "ranking_compact_cars": "6"}
{"date": "2020-09", "monthly_sales": "39341", "share_manufacturers": "46.56%", "sales_ranking_month": "4", "maker_ranking": "1", "ranking_compact_cars": "3"}
{"date": "2020-08", "monthly_sales": "25967", "share_manufacturers": "50.23%", "sales_ranking_month": "7", "maker_ranking": "1", "ranking_compact_cars": "6"}
{"date": "2020-07", "monthly_sales": "31517", "share_manufacturers": "40.41%", "sales_ranking_month": "3", "maker_ranking": "1", "ranking_compact_cars": "3"}
{"date": "2020-06", "monthly_sales": "35389", "share_manufacturers": "43.57%", "sales_ranking_month": "2", "maker_ranking": "1", "ranking_compact_cars": "2"}
{"date": "2020-05", "monthly_sales": "30917", "share_manufacturers": "45.69%", "sales_ranking_month": "3", "maker_ranking": "1", "ranking_compact_cars": "3"}
{"date": "2020-04", "monthly_sales": "30553", "share_manufacturers": "44.60%", "sales_ranking_month": "4", "maker_ranking": "1", "ranking_compact_cars": "4"}
{"date": "2020-03", "monthly_sales": "16529", "share_manufacturers": "42.51%", "sales_ranking_month": "6", "maker_ranking": "1", "ranking_compact_cars": "5"}
{"date": "2020-02", "monthly_sales": "2414", "share_manufacturers": "36.94%", "sales_ranking_month": "19", "maker_ranking": "1", "ranking_compact_cars": "7"}
{"date": "2020-01", "monthly_sales": "34040", "share_manufacturers": "46.25%", "sales_ranking_month": "3", "maker_ranking": "1", "ranking_compact_cars": "3"}
{"date": "2019-12", "monthly_sales": "31372", "share_manufacturers": "49.83%", "sales_ranking_month": "6", "maker_ranking": "1", "ranking_compact_cars": "4"}
{"date": "2019-11", "monthly_sales": "39475", "share_manufacturers": "55.28%", "sales_ranking_month": "4", "maker_ranking": "1", "ranking_compact_cars": "3"}
{"date": "2019-10", "monthly_sales": "38868", "share_manufacturers": "65.71%", "sales_ranking_month": "4", "maker_ranking": "1", "ranking_compact_cars": "3"}
{"date": "2019-09", "monthly_sales": "29911", "share_manufacturers": "60.33%", "sales_ranking_month": "7", "maker_ranking": "1", "ranking_compact_cars": "5"}
{"date": "2019-08", "monthly_sales": "10833", "share_manufacturers": "26.31%", "sales_ranking_month": "40", "maker_ranking": "2", "ranking_compact_cars": "12"}
{"date": "2019-07", "monthly_sales": "25458", "share_manufacturers": "49.58%", "sales_ranking_month": "3", "maker_ranking": "1", "ranking_compact_cars": "3"}
{"date": "2019-06", "monthly_sales": "27604", "share_manufacturers": "45.79%", "sales_ranking_month": "3", "maker_ranking": "1", "ranking_compact_cars": "3"}
{"date": "2019-05", "monthly_sales": "31745", "share_manufacturers": "46.80%", "sales_ranking_month": "4", "maker_ranking": "1", "ranking_compact_cars": "2"}
{"date": "2019-04", "monthly_sales": "29041", "share_manufacturers": "46.65%", "sales_ranking_month": "2", "maker_ranking": "1", "ranking_compact_cars": "2"}
{"date": "2019-03", "monthly_sales": "27825", "share_manufacturers": "47.21%", "sales_ranking_month": "5", "maker_ranking": "1", "ranking_compact_cars": "3"}
{"date": "2019-02", "monthly_sales": "18997", "share_manufacturers": "47.71%", "sales_ranking_month": "7", "maker_ranking": "1", "ranking_compact_cars": "5"}
