{"date": null, "monthly_sales": null, "share_manufacturers": null, "sales_ranking_month": null, "maker_ranking": null, "ranking_compact_cars": null}
{"date": "2023-03", "monthly_sales": "92", "share_manufacturers": "0.15%", "sales_ranking_month": "473", "maker_ranking": "14", "ranking_compact_cars": "79"}
{"date": "2023-02", "monthly_sales": "123", "share_manufacturers": "0.25%", "sales_ranking_month": "440", "maker_ranking": "13", "ranking_compact_cars": "78"}
{"date": "2023-01", "monthly_sales": "146", "share_manufacturers": "0.33%", "sales_ranking_month": "416", "maker_ranking": "13", "ranking_compact_cars": "72"}
{"date": "2022-12", "monthly_sales": "34", "share_manufacturers": "0.06%", "sales_ranking_month": "499", "maker_ranking": "13", "ranking_compact_cars": "82"}
{"date": "2022-11", "monthly_sales": "7", "share_manufacturers": "0.01%", "sales_ranking_month": "517", "maker_ranking": "13", "ranking_compact_cars": "82"}
{"date": "2022-10", "monthly_sales": "127", "share_manufacturers": "0.17%", "sales_ranking_month": "454", "maker_ranking": "12", "ranking_compact_cars": "78"}
{"date": "2022-09", "monthly_sales": "6", "share_manufacturers": "0.01%", "sales_ranking_month": "529", "maker_ranking": "12", "ranking_compact_cars": "83"}
{"date": "2022-08", "monthly_sales": "175", "share_manufacturers": "0.19%", "sales_ranking_month": "414", "maker_ranking": "11", "ranking_compact_cars": "70"}
{"date": "2022-07", "monthly_sales": "69", "share_manufacturers": "0.08%", "sales_ranking_month": "458", "maker_ranking": "12", "ranking_compact_cars": "82"}
{"date": "2022-06", "monthly_sales": "865", "share_manufacturers": "0.85%", "sales_ranking_month": "319", "maker_ranking": "11", "ranking_compact_cars": "64"}
{"date": "2022-05", "monthly_sales": "113", "share_manufacturers": "0.19%", "sales_ranking_month": "427", "maker_ranking": "12", "ranking_compact_cars": "77"}
{"date": "2022-04", "monthly_sales": "171", "share_manufacturers": "0.54%", "sales_ranking_month": "375", "maker_ranking": "11", "ranking_compact_cars": "72"}
{"date": "2022-03", "monthly_sales": "349", "share_manufacturers": "0.50%", "sales_ranking_month": "375", "maker_ranking": "11", "ranking_compact_cars": "74"}
{"date": "2022-02", "monthly_sales": "259", "share_manufacturers": "0.34%", "sales_ranking_month": "373", "maker_ranking": "12", "ranking_compact_cars": "71"}
{"date": "2022-01", "monthly_sales": "81", "share_manufacturers": "0.16%", "sales_ranking_month": "438", "maker_ranking": "12", "ranking_compact_cars": "76"}
{"date": "2021-12", "monthly_sales": "523", "share_manufacturers": "0.59%", "sales_ranking_month": "377", "maker_ranking": "10", "ranking_compact_cars": "67"}
{"date": "2021-11", "monthly_sales": "469", "share_manufacturers": "0.57%", "sales_ranking_month": "381", "maker_ranking": "10", "ranking_compact_cars": "63"}
{"date": "2021-10", "monthly_sales": "282", "share_manufacturers": "0.39%", "sales_ranking_month": "391", "maker_ranking": "9", "ranking_compact_cars": "68"}
{"date": "2021-09", "monthly_sales": "499", "share_manufacturers": "1.10%", "sales_ranking_month": "331", "maker_ranking": "8", "ranking_compact_cars": "58"}
{"date": "2021-08", "monthly_sales": "153", "share_manufacturers": "0.35%", "sales_ranking_month": "393", "maker_ranking": "7", "ranking_compact_cars": "73"}
{"date": "2021-07", "monthly_sales": "540", "share_manufacturers": "0.69%", "sales_ranking_month": "303", "maker_ranking": "7", "ranking_compact_cars": "59"}
{"date": "2021-06", "monthly_sales": "734", "share_manufacturers": "0.98%", "sales_ranking_month": "281", "maker_ranking": "7", "ranking_compact_cars": "51"}
{"date": "2021-05", "monthly_sales": "770", "share_manufacturers": "1.15%", "sales_ranking_month": "284", "maker_ranking": "7", "ranking_compact_cars": "51"}
{"date": "2021-04", "monthly_sales": "44", "share_manufacturers": "0.07%", "sales_ranking_month": "446", "maker_ranking": "8", "ranking_compact_cars": "78"}
{"date": "2021-03", "monthly_sales": "227", "share_manufacturers": "0.27%", "sales_ranking_month": "375", "maker_ranking": "7", "ranking_compact_cars": "67"}
{"date": "2021-02", "monthly_sales": "270", "share_manufacturers": "0.54%", "sales_ranking_month": "313", "maker_ranking": "7", "ranking_compact_cars": "56"}
{"date": "2021-01", "monthly_sales": "428", "share_manufacturers": "0.52%", "sales_ranking_month": "334", "maker_ranking": "7", "ranking_compact_cars": "58"}
{"date": "2020-12", "monthly_sales": "502", "share_manufacturers": "0.68%", "sales_ranking_month": "364", "maker_ranking": "7", "ranking_compact_cars": "72"}
{"date": "2020-11", "monthly_sales": "673", "share_manufacturers": "0.84%", "sales_ranking_month": "328", "maker_ranking": "7", "ranking_compact_cars": "66"}
{"date": "2020-10", "monthly_sales": "660", "share_manufacturers": "1.02%", "sales_ranking_month": "333", "maker_ranking": "8", "ranking_compact_cars": "64"}
{"date": "2020-09", "monthly_sales": "679", "share_manufacturers": "0.80%", "sales_ranking_month": "303", "maker_ranking": "7", "ranking_compact_cars": "58"}
{"date": "2020-08", "monthly_sales": "324", "share_manufacturers": "0.63%", "sales_ranking_month": "350", "maker_ranking": "8", "ranking_compact_cars": "64"}
{"date": "2020-07", "monthly_sales": "667", "share_manufacturers": "0.86%", "sales_ranking_month": "303", "maker_ranking": "7", "ranking_compact_cars": "56"}
{"date": "2020-06", "monthly_sales": "714", "share_manufacturers": "0.88%", "sales_ranking_month": "301", "maker_ranking": "8", "ranking_compact_cars": "59"}
{"date": "2020-05", "monthly_sales": "573", "share_manufacturers": "0.85%", "sales_ranking_month": "309", "maker_ranking": "8", "ranking_compact_cars": "59"}
{"date": "2020-04", "monthly_sales": "732", "share_manufacturers": "1.07%", "sales_ranking_month": "274", "maker_ranking": "9", "ranking_compact_cars": "55"}
{"date": "2020-03", "monthly_sales": "382", "share_manufacturers": "0.98%", "sales_ranking_month": "299", "maker_ranking": "8", "ranking_compact_cars": "58"}
{"date": "2020-02", "monthly_sales": "59", "share_manufacturers": "0.90%", "sales_ranking_month": "286", "maker_ranking": "9", "ranking_compact_cars": "60"}
{"date": "2020-01", "monthly_sales": "928", "share_manufacturers": "1.26%", "sales_ranking_month": "258", "maker_ranking": "8", "ranking_compact_cars": "57"}
{"date": "2019-12", "monthly_sales": "1133", "share_manufacturers": "1.80%", "sales_ranking_month": "292", "maker_ranking": "8", "ranking_compact_cars": "67"}
{"date": "2019-11", "monthly_sales": "526", "share_manufacturers": "0.74%", "sales_ranking_month": "332", "maker_ranking": "8", "ranking_compact_cars": "76"}
{"date": "2019-10", "monthly_sales": "362", "share_manufacturers": "0.61%", "sales_ranking_month": "345", "maker_ranking": "8", "ranking_compact_cars": "73"}
{"date": "2019-09", "monthly_sales": "621", "share_manufacturers": "1.25%", "sales_ranking_month": "317", "maker_ranking": "8", "ranking_compact_cars": "67"}
{"date": "2019-08", "monthly_sales": "833", "share_manufacturers": "2.02%", "sales_ranking_month": "295", "maker_ranking": "8", "ranking_compact_cars": "66"}
{"date": "2019-07", "monthly_sales": "591", "share_manufacturers": "1.15%", "sales_ranking_month": "305", "maker_ranking": "8", "ranking_compact_cars": "67"}
{"date": "2019-06", "monthly_sales": "923", "share_manufacturers": "1.53%", "sales_ranking_month": "293", "maker_ranking": "8", "ranking_compact_cars": "66"}
{"date": "2019-05", "monthly_sales": "638", "share_manufacturers": "0.94%", "sales_ranking_month": "312", "maker_ranking": "9", "ranking_compact_cars": "71"}
{"date": "2019-04", "monthly_sales": "1362", "share_manufacturers": "2.19%", "sales_ranking_month": "247", "maker_ranking": "9", "ranking_compact_cars": "64"}
{"date": "2019-03", "monthly_sales": "1775", "share_manufacturers": "3.01%", "sales_ranking_month": "251", "maker_ranking": "8", "ranking_compact_cars": "58"}
{"date": "2019-02", "monthly_sales": "194", "share_manufacturers": "0.49%", "sales_ranking_month": "376", "maker_ranking": "8", "ranking_compact_cars": "81"}
