{"date": null, "monthly_sales": null, "share_manufacturers": null, "sales_ranking_month": null, "maker_ranking": null, "ranking_compact_cars": null}
{"date": "2023-03", "monthly_sales": "7", "share_manufacturers": "0.11%", "sales_ranking_month": "538", "maker_ranking": "6", "ranking_compact_cars": "88"}
{"date": "2023-02", "monthly_sales": "42", "share_manufacturers": "0.49%", "sales_ranking_month": "490", "maker_ranking": "6", "ranking_compact_cars": "84"}
{"date": "2023-01", "monthly_sales": "20", "share_manufacturers": "0.24%", "sales_ranking_month": "498", "maker_ranking": "8", "ranking_compact_cars": "83"}
{"date": "2022-12", "monthly_sales": "27", "share_manufacturers": "0.05%", "sales_ranking_month": "506", "maker_ranking": "7", "ranking_compact_cars": "83"}
{"date": "2022-10", "monthly_sales": "5", "share_manufacturers": "0.01%", "sales_ranking_month": "519", "maker_ranking": "7", "ranking_compact_cars": "85"}
{"date": "2022-09", "monthly_sales": "2", "share_manufacturers": "0.01%", "sales_ranking_month": "538", "maker_ranking": "6", "ranking_compact_cars": "87"}
{"date": "2022-07", "monthly_sales": "1765", "share_manufacturers": "3.87%", "sales_ranking_month": "244", "maker_ranking": "5", "ranking_compact_cars": "53"}
{"date": "2022-06", "monthly_sales": "75", "share_manufacturers": "0.17%", "sales_ranking_month": "458", "maker_ranking": "8", "ranking_compact_cars": "83"}
{"date": "2022-05", "monthly_sales": "218", "share_manufacturers": "0.55%", "sales_ranking_month": "393", "maker_ranking": "7", "ranking_compact_cars": "74"}
{"date": "2022-04", "monthly_sales": "3", "share_manufacturers": "0.03%", "sales_ranking_month": "488", "maker_ranking": "7", "ranking_compact_cars": "84"}
{"date": "2022-03", "monthly_sales": "98", "share_manufacturers": "0.32%", "sales_ranking_month": "451", "maker_ranking": "7", "ranking_compact_cars": "81"}
{"date": "2022-02", "monthly_sales": "47", "share_manufacturers": "0.14%", "sales_ranking_month": "447", "maker_ranking": "7", "ranking_compact_cars": "84"}
{"date": "2022-01", "monthly_sales": "17", "share_manufacturers": "0.07%", "sales_ranking_month": "479", "maker_ranking": "7", "ranking_compact_cars": "84"}
{"date": "2021-12", "monthly_sales": "--", "share_manufacturers": "--", "sales_ranking_month": "--", "maker_ranking": "--", "ranking_compact_cars": "--"}
{"date": "2021-11", "monthly_sales": "--", "share_manufacturers": "--", "sales_ranking_month": "--", "maker_ranking": "--", "ranking_compact_cars": "--"}
{"date": "2021-10", "monthly_sales": "--", "share_manufacturers": "--", "sales_ranking_month": "--", "maker_ranking": "--", "ranking_compact_cars": "--"}
{"date": "2021-09", "monthly_sales": "--", "share_manufacturers": "--", "sales_ranking_month": "--", "maker_ranking": "--", "ranking_compact_cars": "--"}
{"date": "2021-08", "monthly_sales": "--", "share_manufacturers": "--", "sales_ranking_month": "--", "maker_ranking": "--", "ranking_compact_cars": "--"}
{"date": "2021-07", "monthly_sales": "--", "share_manufacturers": "--", "sales_ranking_month": "--", "maker_ranking": "--", "ranking_compact_cars": "--"}
{"date": "2021-06", "monthly_sales": "--", "share_manufacturers": "--", "sales_ranking_month": "--", "maker_ranking": "--", "ranking_compact_cars": "--"}
{"date": "2021-05", "monthly_sales": "--", "share_manufacturers": "--", "sales_ranking_month": "--", "maker_ranking": "--", "ranking_compact_cars": "--"}
{"date": "2021-01", "monthly_sales": "--", "share_manufacturers": "--", "sales_ranking_month": "--", "maker_ranking": "--", "ranking_compact_cars": "--"}
{"date": "2020-12", "monthly_sales": "261", "share_manufacturers": "0.55%", "sales_ranking_month": "401", "maker_ranking": "8", "ranking_compact_cars": "75"}
{"date": "2020-11", "monthly_sales": "102", "share_manufacturers": "0.26%", "sales_ranking_month": "456", "maker_ranking": "8", "ranking_compact_cars": "84"}
{"date": "2020-10", "monthly_sales": "161", "share_manufacturers": "0.64%", "sales_ranking_month": "411", "maker_ranking": "8", "ranking_compact_cars": "78"}
{"date": "2020-09", "monthly_sales": "198", "share_manufacturers": "1.06%", "sales_ranking_month": "374", "maker_ranking": "6", "ranking_compact_cars": "72"}
{"date": "2020-08", "monthly_sales": "140", "share_manufacturers": "0.84%", "sales_ranking_month": "409", "maker_ranking": "6", "ranking_compact_cars": "76"}
{"date": "2020-07", "monthly_sales": "13", "share_manufacturers": "0.09%", "sales_ranking_month": "476", "maker_ranking": "7", "ranking_compact_cars": "87"}
{"date": "2020-06", "monthly_sales": "--", "share_manufacturers": "--", "sales_ranking_month": "--", "maker_ranking": "--", "ranking_compact_cars": "--"}
{"date": "2020-05", "monthly_sales": "42", "share_manufacturers": "0.27%", "sales_ranking_month": "452", "maker_ranking": "6", "ranking_compact_cars": "87"}
{"date": "2020-04", "monthly_sales": "13", "share_manufacturers": "0.08%", "sales_ranking_month": "462", "maker_ranking": "6", "ranking_compact_cars": "87"}
{"date": "2020-03", "monthly_sales": "2", "share_manufacturers": "0.02%", "sales_ranking_month": "483", "maker_ranking": "6", "ranking_compact_cars": "94"}
{"date": "2020-02", "monthly_sales": "--", "share_manufacturers": "--", "sales_ranking_month": "--", "maker_ranking": "--", "ranking_compact_cars": "--"}
{"date": "2020-01", "monthly_sales": "65", "share_manufacturers": "0.33%", "sales_ranking_month": "413", "maker_ranking": "6", "ranking_compact_cars": "86"}
{"date": "2019-12", "monthly_sales": "241", "share_manufacturers": "0.82%", "sales_ranking_month": "405", "maker_ranking": "6", "ranking_compact_cars": "87"}
{"date": "2019-11", "monthly_sales": "69", "share_manufacturers": "0.30%", "sales_ranking_month": "434", "maker_ranking": "6", "ranking_compact_cars": "96"}
{"date": "2019-10", "monthly_sales": "185", "share_manufacturers": "0.91%", "sales_ranking_month": "381", "maker_ranking": "6", "ranking_compact_cars": "83"}
{"date": "2019-09", "monthly_sales": "208", "share_manufacturers": "1.17%", "sales_ranking_month": "391", "maker_ranking": "6", "ranking_compact_cars": "85"}
{"date": "2019-08", "monthly_sales": "24", "share_manufacturers": "0.12%", "sales_ranking_month": "464", "maker_ranking": "6", "ranking_compact_cars": "96"}
{"date": "2019-07", "monthly_sales": "219", "share_manufacturers": "1.18%", "sales_ranking_month": "362", "maker_ranking": "6", "ranking_compact_cars": "78"}
{"date": "2019-06", "monthly_sales": "108", "share_manufacturers": "0.56%", "sales_ranking_month": "442", "maker_ranking": "6", "ranking_compact_cars": "96"}
{"date": "2019-05", "monthly_sales": "555", "share_manufacturers": "2.82%", "sales_ranking_month": "321", "maker_ranking": "6", "ranking_compact_cars": "75"}
{"date": "2019-04", "monthly_sales": "80", "share_manufacturers": "0.40%", "sales_ranking_month": "444", "maker_ranking": "8", "ranking_compact_cars": "96"}
{"date": "2019-03", "monthly_sales": "401", "share_manufacturers": "2.34%", "sales_ranking_month": "372", "maker_ranking": "7", "ranking_compact_cars": "81"}
{"date": "2019-02", "monthly_sales": "164", "share_manufacturers": "1.31%", "sales_ranking_month": "385", "maker_ranking": "6", "ranking_compact_cars": "83"}
{"date": "2019-01", "monthly_sales": "157", "share_manufacturers": "0.84%", "sales_ranking_month": "402", "maker_ranking": "6", "ranking_compact_cars": "87"}
{"date": "2018-12", "monthly_sales": "58", "share_manufacturers": "0.26%", "sales_ranking_month": "491", "maker_ranking": "7", "ranking_compact_cars": "105"}
{"date": "2018-11", "monthly_sales": "91", "share_manufacturers": "0.45%", "sales_ranking_month": "455", "maker_ranking": "6", "ranking_compact_cars": "95"}
{"date": "2018-10", "monthly_sales": "72", "share_manufacturers": "0.37%", "sales_ranking_month": "450", "maker_ranking": "7", "ranking_compact_cars": "98"}
{"date": "2018-09", "monthly_sales": "473", "share_manufacturers": "2.40%", "sales_ranking_month": "352", "maker_ranking": "6", "ranking_compact_cars": "77"}
