{"date": null, "monthly_sales": null, "share_manufacturers": null, "sales_ranking_month": null, "maker_ranking": null, "ranking_compact_cars": null}
{"date": "2023-03", "monthly_sales": "119", "share_manufacturers": "1.94%", "sales_ranking_month": "456", "maker_ranking": "4", "ranking_compact_cars": "75"}
{"date": "2023-02", "monthly_sales": "623", "share_manufacturers": "7.32%", "sales_ranking_month": "310", "maker_ranking": "4", "ranking_compact_cars": "64"}
{"date": "2023-01", "monthly_sales": "947", "share_manufacturers": "11.55%", "sales_ranking_month": "245", "maker_ranking": "4", "ranking_compact_cars": "54"}
{"date": "2022-12", "monthly_sales": "559", "share_manufacturers": "1.00%", "sales_ranking_month": "367", "maker_ranking": "6", "ranking_compact_cars": "69"}
{"date": "2022-10", "monthly_sales": "245", "share_manufacturers": "0.69%", "sales_ranking_month": "418", "maker_ranking": "5", "ranking_compact_cars": "74"}
{"date": "2022-09", "monthly_sales": "1736", "share_manufacturers": "4.66%", "sales_ranking_month": "257", "maker_ranking": "5", "ranking_compact_cars": "57"}
{"date": "2022-07", "monthly_sales": "1615", "share_manufacturers": "3.54%", "sales_ranking_month": "253", "maker_ranking": "6", "ranking_compact_cars": "54"}
{"date": "2022-06", "monthly_sales": "989", "share_manufacturers": "2.28%", "sales_ranking_month": "307", "maker_ranking": "6", "ranking_compact_cars": "62"}
{"date": "2022-05", "monthly_sales": "1933", "share_manufacturers": "4.87%", "sales_ranking_month": "187", "maker_ranking": "5", "ranking_compact_cars": "45"}
{"date": "2022-04", "monthly_sales": "340", "share_manufacturers": "3.73%", "sales_ranking_month": "319", "maker_ranking": "6", "ranking_compact_cars": "65"}
{"date": "2022-03", "monthly_sales": "2601", "share_manufacturers": "8.62%", "sales_ranking_month": "189", "maker_ranking": "4", "ranking_compact_cars": "44"}
{"date": "2022-02", "monthly_sales": "2235", "share_manufacturers": "6.73%", "sales_ranking_month": "164", "maker_ranking": "4", "ranking_compact_cars": "37"}
{"date": "2022-01", "monthly_sales": "2352", "share_manufacturers": "10.19%", "sales_ranking_month": "204", "maker_ranking": "3", "ranking_compact_cars": "48"}
{"date": "2021-12", "monthly_sales": "6844", "share_manufacturers": "10.78%", "sales_ranking_month": "106", "maker_ranking": "5", "ranking_compact_cars": "24"}
{"date": "2021-11", "monthly_sales": "7014", "share_manufacturers": "12.11%", "sales_ranking_month": "95", "maker_ranking": "4", "ranking_compact_cars": "22"}
{"date": "2021-10", "monthly_sales": "6212", "share_manufacturers": "14.19%", "sales_ranking_month": "96", "maker_ranking": "4", "ranking_compact_cars": "23"}
{"date": "2021-09", "monthly_sales": "7457", "share_manufacturers": "18.00%", "sales_ranking_month": "77", "maker_ranking": "4", "ranking_compact_cars": "22"}
{"date": "2021-08", "monthly_sales": "3046", "share_manufacturers": "9.66%", "sales_ranking_month": "145", "maker_ranking": "4", "ranking_compact_cars": "29"}
{"date": "2021-07", "monthly_sales": "2664", "share_manufacturers": "11.52%", "sales_ranking_month": "162", "maker_ranking": "5", "ranking_compact_cars": "37"}
{"date": "2021-06", "monthly_sales": "733", "share_manufacturers": "3.16%", "sales_ranking_month": "282", "maker_ranking": "5", "ranking_compact_cars": "52"}
{"date": "2021-05", "monthly_sales": "57", "share_manufacturers": "0.25%", "sales_ranking_month": "437", "maker_ranking": "7", "ranking_compact_cars": "77"}
{"date": "2021-04", "monthly_sales": "1077", "share_manufacturers": "4.75%", "sales_ranking_month": "259", "maker_ranking": "6", "ranking_compact_cars": "46"}
{"date": "2021-03", "monthly_sales": "5148", "share_manufacturers": "17.65%", "sales_ranking_month": "99", "maker_ranking": "4", "ranking_compact_cars": "23"}
{"date": "2021-02", "monthly_sales": "939", "share_manufacturers": "5.59%", "sales_ranking_month": "208", "maker_ranking": "5", "ranking_compact_cars": "39"}
{"date": "2021-01", "monthly_sales": "604", "share_manufacturers": "3.06%", "sales_ranking_month": "306", "maker_ranking": "6", "ranking_compact_cars": "52"}
{"date": "2020-12", "monthly_sales": "7136", "share_manufacturers": "15.11%", "sales_ranking_month": "84", "maker_ranking": "3", "ranking_compact_cars": "22"}
{"date": "2020-11", "monthly_sales": "5733", "share_manufacturers": "14.89%", "sales_ranking_month": "104", "maker_ranking": "2", "ranking_compact_cars": "24"}
{"date": "2020-10", "monthly_sales": "5533", "share_manufacturers": "21.84%", "sales_ranking_month": "103", "maker_ranking": "2", "ranking_compact_cars": "24"}
{"date": "2020-09", "monthly_sales": "8166", "share_manufacturers": "43.87%", "sales_ranking_month": "73", "maker_ranking": "1", "ranking_compact_cars": "18"}
{"date": "2020-08", "monthly_sales": "8538", "share_manufacturers": "50.99%", "sales_ranking_month": "62", "maker_ranking": "1", "ranking_compact_cars": "16"}
{"date": "2020-07", "monthly_sales": "8987", "share_manufacturers": "60.67%", "sales_ranking_month": "61", "maker_ranking": "1", "ranking_compact_cars": "15"}
{"date": "2020-06", "monthly_sales": "4680", "share_manufacturers": "34.11%", "sales_ranking_month": "110", "maker_ranking": "2", "ranking_compact_cars": "28"}
{"date": "2020-05", "monthly_sales": "4321", "share_manufacturers": "28.20%", "sales_ranking_month": "110", "maker_ranking": "2", "ranking_compact_cars": "28"}
{"date": "2020-04", "monthly_sales": "2828", "share_manufacturers": "17.65%", "sales_ranking_month": "136", "maker_ranking": "3", "ranking_compact_cars": "36"}
{"date": "2020-03", "monthly_sales": "1915", "share_manufacturers": "14.48%", "sales_ranking_month": "143", "maker_ranking": "3", "ranking_compact_cars": "35"}
{"date": "2020-02", "monthly_sales": "242", "share_manufacturers": "9.05%", "sales_ranking_month": "189", "maker_ranking": "4", "ranking_compact_cars": "45"}
{"date": "2020-01", "monthly_sales": "3651", "share_manufacturers": "18.77%", "sales_ranking_month": "130", "maker_ranking": "2", "ranking_compact_cars": "36"}
{"date": "2019-12", "monthly_sales": "5171", "share_manufacturers": "17.63%", "sales_ranking_month": "128", "maker_ranking": "3", "ranking_compact_cars": "38"}
{"date": "2019-11", "monthly_sales": "4859", "share_manufacturers": "20.99%", "sales_ranking_month": "125", "maker_ranking": "2", "ranking_compact_cars": "37"}
{"date": "2019-10", "monthly_sales": "5416", "share_manufacturers": "26.52%", "sales_ranking_month": "112", "maker_ranking": "2", "ranking_compact_cars": "35"}
{"date": "2019-09", "monthly_sales": "9116", "share_manufacturers": "51.08%", "sales_ranking_month": "64", "maker_ranking": "1", "ranking_compact_cars": "21"}
{"date": "2019-08", "monthly_sales": "4016", "share_manufacturers": "20.44%", "sales_ranking_month": "140", "maker_ranking": "3", "ranking_compact_cars": "41"}
{"date": "2019-07", "monthly_sales": "2042", "share_manufacturers": "11.04%", "sales_ranking_month": "198", "maker_ranking": "3", "ranking_compact_cars": "50"}
{"date": "2019-06", "monthly_sales": "4704", "share_manufacturers": "24.24%", "sales_ranking_month": "116", "maker_ranking": "2", "ranking_compact_cars": "36"}
{"date": "2019-05", "monthly_sales": "4997", "share_manufacturers": "25.42%", "sales_ranking_month": "98", "maker_ranking": "2", "ranking_compact_cars": "34"}
{"date": "2019-04", "monthly_sales": "5516", "share_manufacturers": "27.83%", "sales_ranking_month": "97", "maker_ranking": "2", "ranking_compact_cars": "32"}
{"date": "2019-03", "monthly_sales": "3087", "share_manufacturers": "17.99%", "sales_ranking_month": "177", "maker_ranking": "2", "ranking_compact_cars": "47"}
{"date": "2019-02", "monthly_sales": "4461", "share_manufacturers": "35.57%", "sales_ranking_month": "87", "maker_ranking": "2", "ranking_compact_cars": "27"}
{"date": "2019-01", "monthly_sales": "5275", "share_manufacturers": "28.26%", "sales_ranking_month": "120", "maker_ranking": "2", "ranking_compact_cars": "32"}
{"date": "2018-12", "monthly_sales": "9346", "share_manufacturers": "42.24%", "sales_ranking_month": "79", "maker_ranking": "1", "ranking_compact_cars": "25"}
