{"date": null, "monthly_sales": null, "share_manufacturers": null, "sales_ranking_month": null, "maker_ranking": null, "ranking_compact_cars": null}
{"date": "2023-03", "monthly_sales": "4505", "share_manufacturers": "73.55%", "sales_ranking_month": "108", "maker_ranking": "1", "ranking_compact_cars": "26"}
{"date": "2023-02", "monthly_sales": "5589", "share_manufacturers": "65.67%", "sales_ranking_month": "81", "maker_ranking": "1", "ranking_compact_cars": "20"}
{"date": "2023-01", "monthly_sales": "5022", "share_manufacturers": "61.24%", "sales_ranking_month": "87", "maker_ranking": "1", "ranking_compact_cars": "23"}
{"date": "2022-12", "monthly_sales": "19374", "share_manufacturers": "34.72%", "sales_ranking_month": "19", "maker_ranking": "2", "ranking_compact_cars": "6"}
{"date": "2022-11", "monthly_sales": "14652", "share_manufacturers": "29.97%", "sales_ranking_month": "25", "maker_ranking": "2", "ranking_compact_cars": "8"}
{"date": "2022-10", "monthly_sales": "9962", "share_manufacturers": "27.88%", "sales_ranking_month": "67", "maker_ranking": "2", "ranking_compact_cars": "19"}
{"date": "2022-09", "monthly_sales": "11544", "share_manufacturers": "31.00%", "sales_ranking_month": "58", "maker_ranking": "2", "ranking_compact_cars": "14"}
{"date": "2022-08", "monthly_sales": "12840", "share_manufacturers": "31.10%", "sales_ranking_month": "48", "maker_ranking": "2", "ranking_compact_cars": "11"}
{"date": "2022-06", "monthly_sales": "18360", "share_manufacturers": "42.29%", "sales_ranking_month": "23", "maker_ranking": "1", "ranking_compact_cars": "7"}
{"date": "2022-05", "monthly_sales": "17711", "share_manufacturers": "44.60%", "sales_ranking_month": "14", "maker_ranking": "1", "ranking_compact_cars": "6"}
{"date": "2022-04", "monthly_sales": "3563", "share_manufacturers": "39.12%", "sales_ranking_month": "77", "maker_ranking": "2", "ranking_compact_cars": "22"}
{"date": "2022-03", "monthly_sales": "13856", "share_manufacturers": "45.94%", "sales_ranking_month": "26", "maker_ranking": "1", "ranking_compact_cars": "11"}
{"date": "2022-02", "monthly_sales": "17026", "share_manufacturers": "51.26%", "sales_ranking_month": "11", "maker_ranking": "1", "ranking_compact_cars": "5"}
{"date": "2022-01", "monthly_sales": "13416", "share_manufacturers": "58.11%", "sales_ranking_month": "42", "maker_ranking": "1", "ranking_compact_cars": "10"}
{"date": "2021-12", "monthly_sales": "13632", "share_manufacturers": "21.48%", "sales_ranking_month": "50", "maker_ranking": "2", "ranking_compact_cars": "15"}
{"date": "2021-11", "monthly_sales": "9793", "share_manufacturers": "16.90%", "sales_ranking_month": "70", "maker_ranking": "2", "ranking_compact_cars": "18"}
{"date": "2021-10", "monthly_sales": "10260", "share_manufacturers": "23.44%", "sales_ranking_month": "59", "maker_ranking": "2", "ranking_compact_cars": "15"}
{"date": "2021-09", "monthly_sales": "8308", "share_manufacturers": "20.06%", "sales_ranking_month": "64", "maker_ranking": "3", "ranking_compact_cars": "17"}
{"date": "2021-08", "monthly_sales": "8938", "share_manufacturers": "28.36%", "sales_ranking_month": "49", "maker_ranking": "2", "ranking_compact_cars": "13"}
{"date": "2021-07", "monthly_sales": "6812", "share_manufacturers": "29.47%", "sales_ranking_month": "63", "maker_ranking": "2", "ranking_compact_cars": "17"}
{"date": "2021-06", "monthly_sales": "6791", "share_manufacturers": "29.30%", "sales_ranking_month": "66", "maker_ranking": "2", "ranking_compact_cars": "17"}
{"date": "2021-05", "monthly_sales": "6726", "share_manufacturers": "29.74%", "sales_ranking_month": "76", "maker_ranking": "2", "ranking_compact_cars": "17"}
{"date": "2021-04", "monthly_sales": "4887", "share_manufacturers": "21.54%", "sales_ranking_month": "107", "maker_ranking": "2", "ranking_compact_cars": "25"}
{"date": "2021-03", "monthly_sales": "9958", "share_manufacturers": "34.14%", "sales_ranking_month": "52", "maker_ranking": "1", "ranking_compact_cars": "14"}
{"date": "2021-02", "monthly_sales": "8474", "share_manufacturers": "50.47%", "sales_ranking_month": "39", "maker_ranking": "1", "ranking_compact_cars": "10"}
{"date": "2021-01", "monthly_sales": "5981", "share_manufacturers": "30.32%", "sales_ranking_month": "91", "maker_ranking": "2", "ranking_compact_cars": "20"}
{"date": "2020-12", "monthly_sales": "12397", "share_manufacturers": "26.25%", "sales_ranking_month": "54", "maker_ranking": "2", "ranking_compact_cars": "14"}
{"date": "2020-11", "monthly_sales": "5469", "share_manufacturers": "14.20%", "sales_ranking_month": "113", "maker_ranking": "3", "ranking_compact_cars": "27"}
{"date": "2020-10", "monthly_sales": "810", "share_manufacturers": "3.20%", "sales_ranking_month": "317", "maker_ranking": "7", "ranking_compact_cars": "--"}
{"date": "2020-08", "monthly_sales": "--", "share_manufacturers": "--", "sales_ranking_month": "--", "maker_ranking": "--", "ranking_compact_cars": "--"}
{"date": "2020-07", "monthly_sales": "--", "share_manufacturers": "--", "sales_ranking_month": "--", "maker_ranking": "--", "ranking_compact_cars": "--"}
{"date": "2020-06", "monthly_sales": "--", "share_manufacturers": "--", "sales_ranking_month": "--", "maker_ranking": "--", "ranking_compact_cars": "--"}
{"date": "2020-05", "monthly_sales": "--", "share_manufacturers": "--", "sales_ranking_month": "--", "maker_ranking": "--", "ranking_compact_cars": "--"}
{"date": "2020-04", "monthly_sales": "--", "share_manufacturers": "--", "sales_ranking_month": "--", "maker_ranking": "--", "ranking_compact_cars": "--"}
{"date": "2020-03", "monthly_sales": "--", "share_manufacturers": "--", "sales_ranking_month": "--", "maker_ranking": "--", "ranking_compact_cars": "--"}
{"date": "2020-02", "monthly_sales": "--", "share_manufacturers": "--", "sales_ranking_month": "--", "maker_ranking": "--", "ranking_compact_cars": "--"}
{"date": "2020-01", "monthly_sales": "--", "share_manufacturers": "--", "sales_ranking_month": "--", "maker_ranking": "--", "ranking_compact_cars": "--"}
{"date": "2019-12", "monthly_sales": "--", "share_manufacturers": "--", "sales_ranking_month": "--", "maker_ranking": "--", "ranking_compact_cars": "--"}
{"date": "2018-02", "monthly_sales": "5745", "share_manufacturers": "45.71%", "sales_ranking_month": "82", "maker_ranking": "1", "ranking_compact_cars": "25"}
{"date": "2018-01", "monthly_sales": "8058", "share_manufacturers": "33.59%", "sales_ranking_month": "97", "maker_ranking": "2", "ranking_compact_cars": "26"}
{"date": "2017-12", "monthly_sales": "5426", "share_manufacturers": "34.96%", "sales_ranking_month": "155", "maker_ranking": "2", "ranking_compact_cars": "41"}
{"date": "2017-11", "monthly_sales": "1868", "share_manufacturers": "13.01%", "sales_ranking_month": "259", "maker_ranking": "3", "ranking_compact_cars": "59"}
{"date": "2016-11", "monthly_sales": "1", "share_manufacturers": "0.01%", "sales_ranking_month": "406", "maker_ranking": "5", "ranking_compact_cars": "110"}
{"date": "2016-10", "monthly_sales": "1", "share_manufacturers": "0.01%", "sales_ranking_month": "404", "maker_ranking": "5", "ranking_compact_cars": "111"}
{"date": "2016-08", "monthly_sales": "2", "share_manufacturers": "0.03%", "sales_ranking_month": "389", "maker_ranking": "5", "ranking_compact_cars": "109"}
{"date": "2016-07", "monthly_sales": "1", "share_manufacturers": "0.02%", "sales_ranking_month": "387", "maker_ranking": "5", "ranking_compact_cars": "105"}
{"date": "2016-06", "monthly_sales": "3", "share_manufacturers": "0.04%", "sales_ranking_month": "382", "maker_ranking": "5", "ranking_compact_cars": "103"}
{"date": "2016-05", "monthly_sales": "33", "share_manufacturers": "0.53%", "sales_ranking_month": "364", "maker_ranking": "5", "ranking_compact_cars": "100"}
{"date": "2016-04", "monthly_sales": "22", "share_manufacturers": "0.33%", "sales_ranking_month": "367", "maker_ranking": "5", "ranking_compact_cars": "108"}
{"date": "2016-03", "monthly_sales": "5", "share_manufacturers": "0.08%", "sales_ranking_month": "377", "maker_ranking": "5", "ranking_compact_cars": "110"}
