{"date": null, "monthly_sales": null, "share_manufacturers": null, "sales_ranking_month": null, "maker_ranking": null, "ranking_compact_cars": null}
{"date": "2023-03", "monthly_sales": "462", "share_manufacturers": "5.77%", "sales_ranking_month": "361", "maker_ranking": "4", "ranking_compact_cars": "65"}
{"date": "2023-02", "monthly_sales": "517", "share_manufacturers": "8.61%", "sales_ranking_month": "334", "maker_ranking": "3", "ranking_compact_cars": "65"}
{"date": "2023-01", "monthly_sales": "336", "share_manufacturers": "7.29%", "sales_ranking_month": "352", "maker_ranking": "3", "ranking_compact_cars": "69"}
{"date": "2022-12", "monthly_sales": "135", "share_manufacturers": "1.61%", "sales_ranking_month": "461", "maker_ranking": "6", "ranking_compact_cars": "77"}
{"date": "2022-11", "monthly_sales": "251", "share_manufacturers": "4.27%", "sales_ranking_month": "414", "maker_ranking": "4", "ranking_compact_cars": "74"}
{"date": "2022-10", "monthly_sales": "435", "share_manufacturers": "4.13%", "sales_ranking_month": "375", "maker_ranking": "3", "ranking_compact_cars": "70"}
{"date": "2022-09", "monthly_sales": "642", "share_manufacturers": "6.20%", "sales_ranking_month": "365", "maker_ranking": "3", "ranking_compact_cars": "71"}
{"date": "2022-08", "monthly_sales": "273", "share_manufacturers": "3.79%", "sales_ranking_month": "391", "maker_ranking": "4", "ranking_compact_cars": "67"}
{"date": "2022-07", "monthly_sales": "995", "share_manufacturers": "9.85%", "sales_ranking_month": "307", "maker_ranking": "3", "ranking_compact_cars": "62"}
{"date": "2022-06", "monthly_sales": "902", "share_manufacturers": "8.99%", "sales_ranking_month": "315", "maker_ranking": "3", "ranking_compact_cars": "63"}
{"date": "2022-05", "monthly_sales": "412", "share_manufacturers": "6.86%", "sales_ranking_month": "357", "maker_ranking": "3", "ranking_compact_cars": "70"}
{"date": "2022-04", "monthly_sales": "370", "share_manufacturers": "10.33%", "sales_ranking_month": "307", "maker_ranking": "3", "ranking_compact_cars": "62"}
{"date": "2022-03", "monthly_sales": "373", "share_manufacturers": "7.75%", "sales_ranking_month": "372", "maker_ranking": "4", "ranking_compact_cars": "73"}
{"date": "2022-02", "monthly_sales": "760", "share_manufacturers": "7.60%", "sales_ranking_month": "296", "maker_ranking": "3", "ranking_compact_cars": "62"}
{"date": "2022-01", "monthly_sales": "2917", "share_manufacturers": "20.83%", "sales_ranking_month": "186", "maker_ranking": "2", "ranking_compact_cars": "44"}
{"date": "2021-12", "monthly_sales": "--", "share_manufacturers": "--", "sales_ranking_month": "--", "maker_ranking": "--", "ranking_compact_cars": "--"}
{"date": "2021-11", "monthly_sales": "--", "share_manufacturers": "--", "sales_ranking_month": "--", "maker_ranking": "--", "ranking_compact_cars": "--"}
{"date": "2021-10", "monthly_sales": "--", "share_manufacturers": "--", "sales_ranking_month": "--", "maker_ranking": "--", "ranking_compact_cars": "--"}
{"date": "2021-09", "monthly_sales": "--", "share_manufacturers": "--", "sales_ranking_month": "--", "maker_ranking": "--", "ranking_compact_cars": "--"}
{"date": "2021-08", "monthly_sales": "--", "share_manufacturers": "--", "sales_ranking_month": "--", "maker_ranking": "--", "ranking_compact_cars": "--"}
{"date": "2021-07", "monthly_sales": "245", "share_manufacturers": "5.01%", "sales_ranking_month": "357", "maker_ranking": "5", "ranking_compact_cars": "68"}
{"date": "2021-06", "monthly_sales": "2", "share_manufacturers": "0.04%", "sales_ranking_month": "497", "maker_ranking": "5", "ranking_compact_cars": "86"}
{"date": "2021-05", "monthly_sales": "4", "share_manufacturers": "0.07%", "sales_ranking_month": "480", "maker_ranking": "4", "ranking_compact_cars": "85"}
{"date": "2021-04", "monthly_sales": "7", "share_manufacturers": "0.12%", "sales_ranking_month": "476", "maker_ranking": "4", "ranking_compact_cars": "84"}
{"date": "2021-03", "monthly_sales": "322", "share_manufacturers": "6.72%", "sales_ranking_month": "353", "maker_ranking": "4", "ranking_compact_cars": "64"}
{"date": "2021-02", "monthly_sales": "226", "share_manufacturers": "9.83%", "sales_ranking_month": "323", "maker_ranking": "4", "ranking_compact_cars": "59"}
{"date": "2021-01", "monthly_sales": "1922", "share_manufacturers": "31.06%", "sales_ranking_month": "201", "maker_ranking": "2", "ranking_compact_cars": "36"}
{"date": "2020-12", "monthly_sales": "4024", "share_manufacturers": "35.10%", "sales_ranking_month": "153", "maker_ranking": "1", "ranking_compact_cars": "34"}
{"date": "2020-11", "monthly_sales": "3190", "share_manufacturers": "35.03%", "sales_ranking_month": "168", "maker_ranking": "1", "ranking_compact_cars": "38"}
{"date": "2020-10", "monthly_sales": "3113", "share_manufacturers": "33.77%", "sales_ranking_month": "171", "maker_ranking": "1", "ranking_compact_cars": "36"}
{"date": "2020-09", "monthly_sales": "2840", "share_manufacturers": "31.49%", "sales_ranking_month": "173", "maker_ranking": "2", "ranking_compact_cars": "36"}
{"date": "2020-08", "monthly_sales": "1503", "share_manufacturers": "41.47%", "sales_ranking_month": "224", "maker_ranking": "1", "ranking_compact_cars": "45"}
{"date": "2020-07", "monthly_sales": "1740", "share_manufacturers": "34.64%", "sales_ranking_month": "204", "maker_ranking": "2", "ranking_compact_cars": "40"}
{"date": "2020-06", "monthly_sales": "2716", "share_manufacturers": "39.80%", "sales_ranking_month": "162", "maker_ranking": "1", "ranking_compact_cars": "39"}
{"date": "2020-05", "monthly_sales": "3045", "share_manufacturers": "33.42%", "sales_ranking_month": "146", "maker_ranking": "1", "ranking_compact_cars": "38"}
{"date": "2020-04", "monthly_sales": "2743", "share_manufacturers": "49.61%", "sales_ranking_month": "142", "maker_ranking": "1", "ranking_compact_cars": "37"}
{"date": "2020-03", "monthly_sales": "1251", "share_manufacturers": "58.73%", "sales_ranking_month": "187", "maker_ranking": "1", "ranking_compact_cars": "44"}
{"date": "2020-02", "monthly_sales": "249", "share_manufacturers": "91.88%", "sales_ranking_month": "184", "maker_ranking": "1", "ranking_compact_cars": "44"}
{"date": "2020-01", "monthly_sales": "5450", "share_manufacturers": "59.76%", "sales_ranking_month": "89", "maker_ranking": "1", "ranking_compact_cars": "23"}
{"date": "2019-12", "monthly_sales": "6073", "share_manufacturers": "34.58%", "sales_ranking_month": "111", "maker_ranking": "1", "ranking_compact_cars": "30"}
{"date": "2019-11", "monthly_sales": "5620", "share_manufacturers": "54.03%", "sales_ranking_month": "109", "maker_ranking": "1", "ranking_compact_cars": "32"}
{"date": "2019-10", "monthly_sales": "5250", "share_manufacturers": "53.59%", "sales_ranking_month": "115", "maker_ranking": "1", "ranking_compact_cars": "36"}
{"date": "2019-09", "monthly_sales": "5985", "share_manufacturers": "58.21%", "sales_ranking_month": "97", "maker_ranking": "1", "ranking_compact_cars": "33"}
{"date": "2019-08", "monthly_sales": "5464", "share_manufacturers": "67.03%", "sales_ranking_month": "93", "maker_ranking": "1", "ranking_compact_cars": "29"}
{"date": "2019-07", "monthly_sales": "5597", "share_manufacturers": "69.00%", "sales_ranking_month": "80", "maker_ranking": "1", "ranking_compact_cars": "25"}
{"date": "2019-06", "monthly_sales": "5543", "share_manufacturers": "61.68%", "sales_ranking_month": "91", "maker_ranking": "1", "ranking_compact_cars": "29"}
{"date": "2019-05", "monthly_sales": "5612", "share_manufacturers": "69.67%", "sales_ranking_month": "83", "maker_ranking": "1", "ranking_compact_cars": "27"}
{"date": "2019-04", "monthly_sales": "6221", "share_manufacturers": "76.80%", "sales_ranking_month": "83", "maker_ranking": "1", "ranking_compact_cars": "25"}
{"date": "2019-03", "monthly_sales": "7964", "share_manufacturers": "58.73%", "sales_ranking_month": "77", "maker_ranking": "1", "ranking_compact_cars": "25"}
{"date": "2019-02", "monthly_sales": "3095", "share_manufacturers": "61.78%", "sales_ranking_month": "124", "maker_ranking": "1", "ranking_compact_cars": "35"}
