{"date": null, "monthly_sales": null, "share_manufacturers": null, "sales_ranking_month": null, "maker_ranking": null, "ranking_compact_cars": null}
{"date": "2023-03", "monthly_sales": "2743", "share_manufacturers": "34.25%", "sales_ranking_month": "155", "maker_ranking": "2", "ranking_compact_cars": "38"}
{"date": "2023-02", "monthly_sales": "2039", "share_manufacturers": "33.97%", "sales_ranking_month": "171", "maker_ranking": "2", "ranking_compact_cars": "38"}
{"date": "2023-01", "monthly_sales": "1406", "share_manufacturers": "30.53%", "sales_ranking_month": "201", "maker_ranking": "2", "ranking_compact_cars": "46"}
{"date": "2022-12", "monthly_sales": "6418", "share_manufacturers": "76.36%", "sales_ranking_month": "111", "maker_ranking": "1", "ranking_compact_cars": "27"}
{"date": "2022-11", "monthly_sales": "2917", "share_manufacturers": "49.60%", "sales_ranking_month": "182", "maker_ranking": "1", "ranking_compact_cars": "45"}
{"date": "2022-10", "monthly_sales": "5784", "share_manufacturers": "54.95%", "sales_ranking_month": "114", "maker_ranking": "1", "ranking_compact_cars": "28"}
{"date": "2022-09", "monthly_sales": "5205", "share_manufacturers": "50.30%", "sales_ranking_month": "137", "maker_ranking": "1", "ranking_compact_cars": "33"}
{"date": "2022-08", "monthly_sales": "3751", "share_manufacturers": "52.02%", "sales_ranking_month": "155", "maker_ranking": "1", "ranking_compact_cars": "34"}
{"date": "2022-07", "monthly_sales": "4507", "share_manufacturers": "44.61%", "sales_ranking_month": "146", "maker_ranking": "1", "ranking_compact_cars": "32"}
{"date": "2022-06", "monthly_sales": "4522", "share_manufacturers": "45.06%", "sales_ranking_month": "141", "maker_ranking": "1", "ranking_compact_cars": "36"}
{"date": "2022-05", "monthly_sales": "2414", "share_manufacturers": "40.19%", "sales_ranking_month": "170", "maker_ranking": "2", "ranking_compact_cars": "42"}
{"date": "2022-04", "monthly_sales": "1471", "share_manufacturers": "41.08%", "sales_ranking_month": "160", "maker_ranking": "2", "ranking_compact_cars": "43"}
{"date": "2022-03", "monthly_sales": "670", "share_manufacturers": "13.92%", "sales_ranking_month": "331", "maker_ranking": "2", "ranking_compact_cars": "68"}
{"date": "2022-02", "monthly_sales": "3043", "share_manufacturers": "30.43%", "sales_ranking_month": "136", "maker_ranking": "2", "ranking_compact_cars": "32"}
{"date": "2022-01", "monthly_sales": "2082", "share_manufacturers": "14.87%", "sales_ranking_month": "221", "maker_ranking": "3", "ranking_compact_cars": "53"}
{"date": "2021-12", "monthly_sales": "5402", "share_manufacturers": "37.83%", "sales_ranking_month": "133", "maker_ranking": "1", "ranking_compact_cars": "30"}
{"date": "2021-11", "monthly_sales": "4310", "share_manufacturers": "37.86%", "sales_ranking_month": "146", "maker_ranking": "2", "ranking_compact_cars": "31"}
{"date": "2021-10", "monthly_sales": "3583", "share_manufacturers": "40.99%", "sales_ranking_month": "156", "maker_ranking": "1", "ranking_compact_cars": "34"}
{"date": "2021-09", "monthly_sales": "2583", "share_manufacturers": "55.24%", "sales_ranking_month": "173", "maker_ranking": "1", "ranking_compact_cars": "34"}
{"date": "2021-08", "monthly_sales": "3210", "share_manufacturers": "65.79%", "sales_ranking_month": "139", "maker_ranking": "1", "ranking_compact_cars": "28"}
{"date": "2021-07", "monthly_sales": "3132", "share_manufacturers": "64.00%", "sales_ranking_month": "147", "maker_ranking": "1", "ranking_compact_cars": "34"}
{"date": "2021-06", "monthly_sales": "2792", "share_manufacturers": "53.00%", "sales_ranking_month": "162", "maker_ranking": "1", "ranking_compact_cars": "33"}
{"date": "2021-05", "monthly_sales": "3377", "share_manufacturers": "57.83%", "sales_ranking_month": "141", "maker_ranking": "1", "ranking_compact_cars": "29"}
{"date": "2021-04", "monthly_sales": "3337", "share_manufacturers": "58.47%", "sales_ranking_month": "139", "maker_ranking": "1", "ranking_compact_cars": "28"}
{"date": "2021-03", "monthly_sales": "2800", "share_manufacturers": "58.42%", "sales_ranking_month": "158", "maker_ranking": "1", "ranking_compact_cars": "31"}
{"date": "2021-02", "monthly_sales": "356", "share_manufacturers": "15.49%", "sales_ranking_month": "289", "maker_ranking": "3", "ranking_compact_cars": "52"}
{"date": "2021-01", "monthly_sales": "419", "share_manufacturers": "6.77%", "sales_ranking_month": "338", "maker_ranking": "4", "ranking_compact_cars": "59"}
{"date": "2020-12", "monthly_sales": "1777", "share_manufacturers": "15.50%", "sales_ranking_month": "258", "maker_ranking": "4", "ranking_compact_cars": "51"}
{"date": "2020-11", "monthly_sales": "696", "share_manufacturers": "7.64%", "sales_ranking_month": "326", "maker_ranking": "4", "ranking_compact_cars": "65"}
{"date": "2020-10", "monthly_sales": "1041", "share_manufacturers": "11.29%", "sales_ranking_month": "291", "maker_ranking": "4", "ranking_compact_cars": "55"}
{"date": "2020-09", "monthly_sales": "1682", "share_manufacturers": "18.65%", "sales_ranking_month": "232", "maker_ranking": "3", "ranking_compact_cars": "50"}
{"date": "2020-08", "monthly_sales": "364", "share_manufacturers": "10.04%", "sales_ranking_month": "346", "maker_ranking": "4", "ranking_compact_cars": "61"}
{"date": "2020-07", "monthly_sales": "278", "share_manufacturers": "5.53%", "sales_ranking_month": "363", "maker_ranking": "4", "ranking_compact_cars": "74"}
{"date": "2020-06", "monthly_sales": "186", "share_manufacturers": "2.73%", "sales_ranking_month": "377", "maker_ranking": "5", "ranking_compact_cars": "72"}
{"date": "2020-05", "monthly_sales": "139", "share_manufacturers": "1.53%", "sales_ranking_month": "403", "maker_ranking": "5", "ranking_compact_cars": "74"}
{"date": "2020-04", "monthly_sales": "279", "share_manufacturers": "5.05%", "sales_ranking_month": "340", "maker_ranking": "3", "ranking_compact_cars": "70"}
{"date": "2020-03", "monthly_sales": "12", "share_manufacturers": "0.56%", "sales_ranking_month": "449", "maker_ranking": "5", "ranking_compact_cars": "86"}
{"date": "2020-02", "monthly_sales": "2", "share_manufacturers": "0.74%", "sales_ranking_month": "406", "maker_ranking": "4", "ranking_compact_cars": "76"}
{"date": "2020-01", "monthly_sales": "166", "share_manufacturers": "1.82%", "sales_ranking_month": "368", "maker_ranking": "5", "ranking_compact_cars": "76"}
{"date": "2019-12", "monthly_sales": "3746", "share_manufacturers": "21.33%", "sales_ranking_month": "162", "maker_ranking": "2", "ranking_compact_cars": "47"}
{"date": "2019-11", "monthly_sales": "336", "share_manufacturers": "3.23%", "sales_ranking_month": "359", "maker_ranking": "5", "ranking_compact_cars": "78"}
{"date": "2019-10", "monthly_sales": "87", "share_manufacturers": "0.89%", "sales_ranking_month": "419", "maker_ranking": "5", "ranking_compact_cars": "88"}
{"date": "2019-09", "monthly_sales": "455", "share_manufacturers": "4.43%", "sales_ranking_month": "344", "maker_ranking": "5", "ranking_compact_cars": "73"}
{"date": "2019-08", "monthly_sales": "291", "share_manufacturers": "3.57%", "sales_ranking_month": "361", "maker_ranking": "5", "ranking_compact_cars": "77"}
{"date": "2019-07", "monthly_sales": "--", "share_manufacturers": "--", "sales_ranking_month": "--", "maker_ranking": "--", "ranking_compact_cars": "--"}
