{"date": null, "monthly_sales": null, "share_manufacturers": null, "sales_ranking_month": null, "maker_ranking": null, "ranking_compact_cars": null}
{"date": "2023-03", "monthly_sales": "3091", "share_manufacturers": "3.82%", "sales_ranking_month": "140", "maker_ranking": "8", "ranking_compact_cars": "32"}
{"date": "2023-02", "monthly_sales": "1062", "share_manufacturers": "1.49%", "sales_ranking_month": "239", "maker_ranking": "9", "ranking_compact_cars": "54"}
{"date": "2023-01", "monthly_sales": "1614", "share_manufacturers": "2.07%", "sales_ranking_month": "182", "maker_ranking": "9", "ranking_compact_cars": "43"}
{"date": "2022-12", "monthly_sales": "3544", "share_manufacturers": "2.98%", "sales_ranking_month": "186", "maker_ranking": "11", "ranking_compact_cars": "43"}
{"date": "2022-11", "monthly_sales": "3542", "share_manufacturers": "3.24%", "sales_ranking_month": "161", "maker_ranking": "9", "ranking_compact_cars": "39"}
{"date": "2022-10", "monthly_sales": "2048", "share_manufacturers": "1.68%", "sales_ranking_month": "228", "maker_ranking": "11", "ranking_compact_cars": "51"}
{"date": "2022-09", "monthly_sales": "1298", "share_manufacturers": "1.03%", "sales_ranking_month": "292", "maker_ranking": "11", "ranking_compact_cars": "62"}
{"date": "2022-08", "monthly_sales": "1921", "share_manufacturers": "1.06%", "sales_ranking_month": "221", "maker_ranking": "10", "ranking_compact_cars": "45"}
{"date": "2022-07", "monthly_sales": "4611", "share_manufacturers": "3.68%", "sales_ranking_month": "143", "maker_ranking": "9", "ranking_compact_cars": "31"}
{"date": "2022-06", "monthly_sales": "3639", "share_manufacturers": "2.98%", "sales_ranking_month": "166", "maker_ranking": "9", "ranking_compact_cars": "40"}
{"date": "2022-05", "monthly_sales": "1307", "share_manufacturers": "1.57%", "sales_ranking_month": "237", "maker_ranking": "9", "ranking_compact_cars": "52"}
{"date": "2022-04", "monthly_sales": "255", "share_manufacturers": "0.89%", "sales_ranking_month": "348", "maker_ranking": "12", "ranking_compact_cars": "67"}
{"date": "2022-03", "monthly_sales": "1207", "share_manufacturers": "1.16%", "sales_ranking_month": "273", "maker_ranking": "13", "ranking_compact_cars": "58"}
{"date": "2022-02", "monthly_sales": "1012", "share_manufacturers": "1.18%", "sales_ranking_month": "264", "maker_ranking": "13", "ranking_compact_cars": "58"}
{"date": "2022-01", "monthly_sales": "2215", "share_manufacturers": "1.78%", "sales_ranking_month": "212", "maker_ranking": "11", "ranking_compact_cars": "52"}
{"date": "2021-12", "monthly_sales": "2647", "share_manufacturers": "2.02%", "sales_ranking_month": "219", "maker_ranking": "9", "ranking_compact_cars": "44"}
{"date": "2021-11", "monthly_sales": "2755", "share_manufacturers": "2.17%", "sales_ranking_month": "197", "maker_ranking": "10", "ranking_compact_cars": "40"}
{"date": "2021-10", "monthly_sales": "1335", "share_manufacturers": "1.19%", "sales_ranking_month": "263", "maker_ranking": "10", "ranking_compact_cars": "48"}
