{"date": null, "monthly_sales": null, "share_manufacturers": null, "sales_ranking_month": null, "maker_ranking": null, "ranking_compact_cars": null}
{"date": "2023-03", "monthly_sales": "5595", "share_manufacturers": "11.30%", "sales_ranking_month": "91", "maker_ranking": "4", "ranking_compact_cars": "22"}
{"date": "2023-02", "monthly_sales": "4951", "share_manufacturers": "10.57%", "sales_ranking_month": "88", "maker_ranking": "5", "ranking_compact_cars": "21"}
{"date": "2023-01", "monthly_sales": "2552", "share_manufacturers": "6.02%", "sales_ranking_month": "138", "maker_ranking": "5", "ranking_compact_cars": "34"}
{"date": "2022-12", "monthly_sales": "2651", "share_manufacturers": "5.93%", "sales_ranking_month": "211", "maker_ranking": "5", "ranking_compact_cars": "49"}
{"date": "2022-11", "monthly_sales": "4660", "share_manufacturers": "9.40%", "sales_ranking_month": "134", "maker_ranking": "5", "ranking_compact_cars": "32"}
{"date": "2022-10", "monthly_sales": "3734", "share_manufacturers": "7.57%", "sales_ranking_month": "156", "maker_ranking": "5", "ranking_compact_cars": "39"}
{"date": "2022-09", "monthly_sales": "6352", "share_manufacturers": "9.52%", "sales_ranking_month": "113", "maker_ranking": "5", "ranking_compact_cars": "24"}
{"date": "2022-08", "monthly_sales": "2298", "share_manufacturers": "6.85%", "sales_ranking_month": "210", "maker_ranking": "5", "ranking_compact_cars": "43"}
{"date": "2022-07", "monthly_sales": "6800", "share_manufacturers": "10.88%", "sales_ranking_month": "103", "maker_ranking": "4", "ranking_compact_cars": "25"}
{"date": "2022-06", "monthly_sales": "5465", "share_manufacturers": "9.58%", "sales_ranking_month": "125", "maker_ranking": "5", "ranking_compact_cars": "33"}
{"date": "2022-05", "monthly_sales": "3604", "share_manufacturers": "8.90%", "sales_ranking_month": "131", "maker_ranking": "4", "ranking_compact_cars": "37"}
{"date": "2022-04", "monthly_sales": "693", "share_manufacturers": "2.56%", "sales_ranking_month": "238", "maker_ranking": "5", "ranking_compact_cars": "54"}
{"date": "2022-03", "monthly_sales": "2105", "share_manufacturers": "4.35%", "sales_ranking_month": "208", "maker_ranking": "7", "ranking_compact_cars": "50"}
{"date": "2022-02", "monthly_sales": "1745", "share_manufacturers": "4.36%", "sales_ranking_month": "193", "maker_ranking": "7", "ranking_compact_cars": "45"}
{"date": "2022-01", "monthly_sales": "4749", "share_manufacturers": "8.83%", "sales_ranking_month": "133", "maker_ranking": "4", "ranking_compact_cars": "30"}
{"date": "2021-12", "monthly_sales": "5676", "share_manufacturers": "10.79%", "sales_ranking_month": "130", "maker_ranking": "4", "ranking_compact_cars": "29"}
{"date": "2021-11", "monthly_sales": "1917", "share_manufacturers": "3.83%", "sales_ranking_month": "241", "maker_ranking": "6", "ranking_compact_cars": "48"}
{"date": "2021-10", "monthly_sales": "777", "share_manufacturers": "1.47%", "sales_ranking_month": "319", "maker_ranking": "7", "ranking_compact_cars": "55"}
{"date": "2021-09", "monthly_sales": "671", "share_manufacturers": "2.44%", "sales_ranking_month": "311", "maker_ranking": "4", "ranking_compact_cars": "57"}
{"date": "2021-08", "monthly_sales": "2170", "share_manufacturers": "7.18%", "sales_ranking_month": "174", "maker_ranking": "5", "ranking_compact_cars": "38"}
{"date": "2021-07", "monthly_sales": "9425", "share_manufacturers": "29.78%", "sales_ranking_month": "35", "maker_ranking": "1", "ranking_compact_cars": "11"}
{"date": "2021-06", "monthly_sales": "6115", "share_manufacturers": "15.09%", "sales_ranking_month": "80", "maker_ranking": "5", "ranking_compact_cars": "20"}
{"date": "2021-05", "monthly_sales": "5205", "share_manufacturers": "10.47%", "sales_ranking_month": "96", "maker_ranking": "4", "ranking_compact_cars": "22"}
{"date": "2021-04", "monthly_sales": "6700", "share_manufacturers": "11.33%", "sales_ranking_month": "76", "maker_ranking": "4", "ranking_compact_cars": "16"}
{"date": "2021-03", "monthly_sales": "7031", "share_manufacturers": "11.68%", "sales_ranking_month": "74", "maker_ranking": "4", "ranking_compact_cars": "17"}
{"date": "2021-02", "monthly_sales": "4808", "share_manufacturers": "11.43%", "sales_ranking_month": "69", "maker_ranking": "4", "ranking_compact_cars": "16"}
{"date": "2021-01", "monthly_sales": "8385", "share_manufacturers": "13.03%", "sales_ranking_month": "69", "maker_ranking": "4", "ranking_compact_cars": "17"}
{"date": "2020-12", "monthly_sales": "5854", "share_manufacturers": "10.16%", "sales_ranking_month": "112", "maker_ranking": "4", "ranking_compact_cars": "28"}
{"date": "2020-11", "monthly_sales": "6072", "share_manufacturers": "10.32%", "sales_ranking_month": "98", "maker_ranking": "4", "ranking_compact_cars": "23"}
{"date": "2020-10", "monthly_sales": "5428", "share_manufacturers": "10.73%", "sales_ranking_month": "105", "maker_ranking": "4", "ranking_compact_cars": "25"}
{"date": "2020-09", "monthly_sales": "6649", "share_manufacturers": "11.03%", "sales_ranking_month": "88", "maker_ranking": "4", "ranking_compact_cars": "23"}
{"date": "2020-08", "monthly_sales": "6446", "share_manufacturers": "11.89%", "sales_ranking_month": "82", "maker_ranking": "4", "ranking_compact_cars": "22"}
{"date": "2020-07", "monthly_sales": "6620", "share_manufacturers": "12.46%", "sales_ranking_month": "71", "maker_ranking": "4", "ranking_compact_cars": "17"}
{"date": "2020-06", "monthly_sales": "6815", "share_manufacturers": "13.90%", "sales_ranking_month": "81", "maker_ranking": "4", "ranking_compact_cars": "21"}
{"date": "2020-05", "monthly_sales": "6690", "share_manufacturers": "12.10%", "sales_ranking_month": "75", "maker_ranking": "4", "ranking_compact_cars": "19"}
{"date": "2020-04", "monthly_sales": "5433", "share_manufacturers": "10.87%", "sales_ranking_month": "84", "maker_ranking": "4", "ranking_compact_cars": "24"}
{"date": "2020-03", "monthly_sales": "6289", "share_manufacturers": "13.39%", "sales_ranking_month": "46", "maker_ranking": "4", "ranking_compact_cars": "13"}
{"date": "2020-02", "monthly_sales": "1352", "share_manufacturers": "12.81%", "sales_ranking_month": "50", "maker_ranking": "4", "ranking_compact_cars": "14"}
{"date": "2020-01", "monthly_sales": "4415", "share_manufacturers": "10.34%", "sales_ranking_month": "106", "maker_ranking": "4", "ranking_compact_cars": "27"}
{"date": "2019-12", "monthly_sales": "7019", "share_manufacturers": "14.74%", "sales_ranking_month": "98", "maker_ranking": "4", "ranking_compact_cars": "27"}
{"date": "2019-11", "monthly_sales": "7019", "share_manufacturers": "14.89%", "sales_ranking_month": "86", "maker_ranking": "4", "ranking_compact_cars": "26"}
{"date": "2019-10", "monthly_sales": "6512", "share_manufacturers": "14.27%", "sales_ranking_month": "92", "maker_ranking": "4", "ranking_compact_cars": "28"}
{"date": "2019-09", "monthly_sales": "5309", "share_manufacturers": "10.94%", "sales_ranking_month": "111", "maker_ranking": "4", "ranking_compact_cars": "35"}
{"date": "2019-08", "monthly_sales": "5805", "share_manufacturers": "12.18%", "sales_ranking_month": "91", "maker_ranking": "4", "ranking_compact_cars": "28"}
{"date": "2019-07", "monthly_sales": "5270", "share_manufacturers": "11.21%", "sales_ranking_month": "86", "maker_ranking": "4", "ranking_compact_cars": "27"}
{"date": "2019-06", "monthly_sales": "6550", "share_manufacturers": "14.51%", "sales_ranking_month": "77", "maker_ranking": "4", "ranking_compact_cars": "23"}
{"date": "2019-05", "monthly_sales": "7485", "share_manufacturers": "15.72%", "sales_ranking_month": "61", "maker_ranking": "4", "ranking_compact_cars": "18"}
{"date": "2019-04", "monthly_sales": "4346", "share_manufacturers": "9.84%", "sales_ranking_month": "119", "maker_ranking": "4", "ranking_compact_cars": "40"}
{"date": "2019-03", "monthly_sales": "4104", "share_manufacturers": "7.83%", "sales_ranking_month": "141", "maker_ranking": "5", "ranking_compact_cars": "39"}
{"date": "2019-02", "monthly_sales": "4582", "share_manufacturers": "11.93%", "sales_ranking_month": "83", "maker_ranking": "4", "ranking_compact_cars": "26"}
