{"date": null, "monthly_sales": null, "share_manufacturers": null, "sales_ranking_month": null, "maker_ranking": null, "ranking_compact_cars": null}
{"date": "2023-03", "monthly_sales": "5430", "share_manufacturers": "52.24%", "sales_ranking_month": "94", "maker_ranking": "1", "ranking_compact_cars": "23"}
{"date": "2023-02", "monthly_sales": "2848", "share_manufacturers": "57.14%", "sales_ranking_month": "139", "maker_ranking": "1", "ranking_compact_cars": "32"}
{"date": "2023-01", "monthly_sales": "5424", "share_manufacturers": "58.66%", "sales_ranking_month": "78", "maker_ranking": "1", "ranking_compact_cars": "19"}
{"date": "2022-12", "monthly_sales": "6753", "share_manufacturers": "36.50%", "sales_ranking_month": "105", "maker_ranking": "2", "ranking_compact_cars": "26"}
{"date": "2022-11", "monthly_sales": "4982", "share_manufacturers": "30.70%", "sales_ranking_month": "125", "maker_ranking": "3", "ranking_compact_cars": "30"}
{"date": "2022-10", "monthly_sales": "5972", "share_manufacturers": "27.91%", "sales_ranking_month": "112", "maker_ranking": "2", "ranking_compact_cars": "27"}
{"date": "2022-09", "monthly_sales": "5757", "share_manufacturers": "29.38%", "sales_ranking_month": "126", "maker_ranking": "2", "ranking_compact_cars": "28"}
{"date": "2022-08", "monthly_sales": "5327", "share_manufacturers": "36.37%", "sales_ranking_month": "119", "maker_ranking": "2", "ranking_compact_cars": "27"}
{"date": "2022-07", "monthly_sales": "3779", "share_manufacturers": "31.41%", "sales_ranking_month": "163", "maker_ranking": "2", "ranking_compact_cars": "37"}
{"date": "2022-06", "monthly_sales": "7276", "share_manufacturers": "43.66%", "sales_ranking_month": "95", "maker_ranking": "2", "ranking_compact_cars": "25"}
{"date": "2022-05", "monthly_sales": "5001", "share_manufacturers": "45.58%", "sales_ranking_month": "99", "maker_ranking": "1", "ranking_compact_cars": "23"}
{"date": "2022-04", "monthly_sales": "4110", "share_manufacturers": "44.78%", "sales_ranking_month": "66", "maker_ranking": "2", "ranking_compact_cars": "17"}
{"date": "2022-03", "monthly_sales": "7646", "share_manufacturers": "50.05%", "sales_ranking_month": "74", "maker_ranking": "1", "ranking_compact_cars": "17"}
{"date": "2022-02", "monthly_sales": "6016", "share_manufacturers": "52.87%", "sales_ranking_month": "71", "maker_ranking": "1", "ranking_compact_cars": "17"}
{"date": "2022-01", "monthly_sales": "10434", "share_manufacturers": "56.23%", "sales_ranking_month": "66", "maker_ranking": "1", "ranking_compact_cars": "17"}
{"date": "2020-08", "monthly_sales": "--", "share_manufacturers": "--", "sales_ranking_month": "--", "maker_ranking": "--", "ranking_compact_cars": "--"}
{"date": "2020-07", "monthly_sales": "--", "share_manufacturers": "--", "sales_ranking_month": "--", "maker_ranking": "--", "ranking_compact_cars": "--"}
{"date": "2020-06", "monthly_sales": "--", "share_manufacturers": "--", "sales_ranking_month": "--", "maker_ranking": "--", "ranking_compact_cars": "--"}
{"date": "2020-05", "monthly_sales": "--", "share_manufacturers": "--", "sales_ranking_month": "--", "maker_ranking": "--", "ranking_compact_cars": "--"}
{"date": "2020-04", "monthly_sales": "--", "share_manufacturers": "--", "sales_ranking_month": "--", "maker_ranking": "--", "ranking_compact_cars": "--"}
{"date": "2020-03", "monthly_sales": "1617", "share_manufacturers": "53.24%", "sales_ranking_month": "156", "maker_ranking": "1", "ranking_compact_cars": "39"}
