{"date": null, "monthly_sales": null, "share_manufacturers": null, "sales_ranking_month": null, "maker_ranking": null, "ranking_compact_cars": null}
{"date": "2023-03", "monthly_sales": "6375", "share_manufacturers": "12.31%", "sales_ranking_month": "72", "maker_ranking": "4", "ranking_compact_cars": "18"}
{"date": "2023-02", "monthly_sales": "4768", "share_manufacturers": "12.29%", "sales_ranking_month": "92", "maker_ranking": "4", "ranking_compact_cars": "22"}
{"date": "2023-01", "monthly_sales": "2607", "share_manufacturers": "8.44%", "sales_ranking_month": "135", "maker_ranking": "4", "ranking_compact_cars": "32"}
{"date": "2022-12", "monthly_sales": "4780", "share_manufacturers": "9.17%", "sales_ranking_month": "141", "maker_ranking": "5", "ranking_compact_cars": "35"}
{"date": "2022-11", "monthly_sales": "5385", "share_manufacturers": "13.13%", "sales_ranking_month": "112", "maker_ranking": "4", "ranking_compact_cars": "28"}
{"date": "2022-10", "monthly_sales": "5411", "share_manufacturers": "10.31%", "sales_ranking_month": "120", "maker_ranking": "5", "ranking_compact_cars": "30"}
{"date": "2022-09", "monthly_sales": "8616", "share_manufacturers": "15.66%", "sales_ranking_month": "85", "maker_ranking": "4", "ranking_compact_cars": "21"}
{"date": "2022-08", "monthly_sales": "9442", "share_manufacturers": "11.47%", "sales_ranking_month": "71", "maker_ranking": "4", "ranking_compact_cars": "16"}
{"date": "2022-07", "monthly_sales": "8762", "share_manufacturers": "14.82%", "sales_ranking_month": "76", "maker_ranking": "4", "ranking_compact_cars": "16"}
{"date": "2022-06", "monthly_sales": "2735", "share_manufacturers": "3.69%", "sales_ranking_month": "185", "maker_ranking": "5", "ranking_compact_cars": "44"}
{"date": "2022-05", "monthly_sales": "1763", "share_manufacturers": "3.53%", "sales_ranking_month": "199", "maker_ranking": "6", "ranking_compact_cars": "46"}
{"date": "2022-04", "monthly_sales": "2339", "share_manufacturers": "16.70%", "sales_ranking_month": "114", "maker_ranking": "4", "ranking_compact_cars": "32"}
{"date": "2022-03", "monthly_sales": "5632", "share_manufacturers": "17.94%", "sales_ranking_month": "99", "maker_ranking": "3", "ranking_compact_cars": "23"}
{"date": "2022-02", "monthly_sales": "4440", "share_manufacturers": "10.31%", "sales_ranking_month": "92", "maker_ranking": "5", "ranking_compact_cars": "23"}
{"date": "2022-01", "monthly_sales": "11664", "share_manufacturers": "18.59%", "sales_ranking_month": "54", "maker_ranking": "3", "ranking_compact_cars": "14"}
{"date": "2021-12", "monthly_sales": "3369", "share_manufacturers": "5.57%", "sales_ranking_month": "194", "maker_ranking": "6", "ranking_compact_cars": "39"}
{"date": "2021-11", "monthly_sales": "1830", "share_manufacturers": "3.57%", "sales_ranking_month": "246", "maker_ranking": "6", "ranking_compact_cars": "51"}
{"date": "2021-10", "monthly_sales": "1066", "share_manufacturers": "2.98%", "sales_ranking_month": "287", "maker_ranking": "5", "ranking_compact_cars": "52"}
{"date": "2021-09", "monthly_sales": "179", "share_manufacturers": "0.63%", "sales_ranking_month": "400", "maker_ranking": "7", "ranking_compact_cars": "66"}
{"date": "2021-08", "monthly_sales": "1515", "share_manufacturers": "4.14%", "sales_ranking_month": "219", "maker_ranking": "6", "ranking_compact_cars": "47"}
{"date": "2021-07", "monthly_sales": "2333", "share_manufacturers": "4.57%", "sales_ranking_month": "168", "maker_ranking": "6", "ranking_compact_cars": "39"}
{"date": "2021-06", "monthly_sales": "1483", "share_manufacturers": "2.77%", "sales_ranking_month": "227", "maker_ranking": "6", "ranking_compact_cars": "43"}
{"date": "2021-05", "monthly_sales": "1241", "share_manufacturers": "2.27%", "sales_ranking_month": "238", "maker_ranking": "6", "ranking_compact_cars": "46"}
{"date": "2021-04", "monthly_sales": "2936", "share_manufacturers": "4.32%", "sales_ranking_month": "150", "maker_ranking": "6", "ranking_compact_cars": "31"}
{"date": "2021-03", "monthly_sales": "1773", "share_manufacturers": "2.64%", "sales_ranking_month": "204", "maker_ranking": "6", "ranking_compact_cars": "36"}
{"date": "2021-02", "monthly_sales": "1630", "share_manufacturers": "3.74%", "sales_ranking_month": "148", "maker_ranking": "6", "ranking_compact_cars": "29"}
{"date": "2021-01", "monthly_sales": "536", "share_manufacturers": "0.67%", "sales_ranking_month": "315", "maker_ranking": "6", "ranking_compact_cars": "54"}
{"date": "2020-12", "monthly_sales": "2471", "share_manufacturers": "4.91%", "sales_ranking_month": "217", "maker_ranking": "6", "ranking_compact_cars": "44"}
{"date": "2020-11", "monthly_sales": "2240", "share_manufacturers": "3.36%", "sales_ranking_month": "212", "maker_ranking": "6", "ranking_compact_cars": "45"}
{"date": "2020-10", "monthly_sales": "2775", "share_manufacturers": "4.34%", "sales_ranking_month": "189", "maker_ranking": "6", "ranking_compact_cars": "39"}
{"date": "2020-09", "monthly_sales": "2482", "share_manufacturers": "3.43%", "sales_ranking_month": "192", "maker_ranking": "6", "ranking_compact_cars": "41"}
{"date": "2020-08", "monthly_sales": "1298", "share_manufacturers": "2.14%", "sales_ranking_month": "241", "maker_ranking": "6", "ranking_compact_cars": "47"}
{"date": "2020-07", "monthly_sales": "4057", "share_manufacturers": "6.89%", "sales_ranking_month": "111", "maker_ranking": "6", "ranking_compact_cars": "27"}
{"date": "2020-06", "monthly_sales": "7229", "share_manufacturers": "12.77%", "sales_ranking_month": "74", "maker_ranking": "5", "ranking_compact_cars": "18"}
{"date": "2020-05", "monthly_sales": "3599", "share_manufacturers": "6.37%", "sales_ranking_month": "125", "maker_ranking": "6", "ranking_compact_cars": "32"}
{"date": "2020-04", "monthly_sales": "3569", "share_manufacturers": "7.07%", "sales_ranking_month": "122", "maker_ranking": "6", "ranking_compact_cars": "33"}
{"date": "2020-03", "monthly_sales": "2581", "share_manufacturers": "7.43%", "sales_ranking_month": "113", "maker_ranking": "4", "ranking_compact_cars": "32"}
{"date": "2020-02", "monthly_sales": "366", "share_manufacturers": "4.52%", "sales_ranking_month": "142", "maker_ranking": "5", "ranking_compact_cars": "35"}
{"date": "2020-01", "monthly_sales": "10499", "share_manufacturers": "19.48%", "sales_ranking_month": "47", "maker_ranking": "2", "ranking_compact_cars": "12"}
{"date": "2019-12", "monthly_sales": "5024", "share_manufacturers": "8.30%", "sales_ranking_month": "132", "maker_ranking": "4", "ranking_compact_cars": "40"}
{"date": "2019-11", "monthly_sales": "8902", "share_manufacturers": "13.55%", "sales_ranking_month": "74", "maker_ranking": "4", "ranking_compact_cars": "20"}
{"date": "2019-10", "monthly_sales": "7274", "share_manufacturers": "11.49%", "sales_ranking_month": "83", "maker_ranking": "4", "ranking_compact_cars": "25"}
{"date": "2019-09", "monthly_sales": "8262", "share_manufacturers": "13.27%", "sales_ranking_month": "73", "maker_ranking": "4", "ranking_compact_cars": "25"}
{"date": "2019-08", "monthly_sales": "8239", "share_manufacturers": "14.93%", "sales_ranking_month": "63", "maker_ranking": "4", "ranking_compact_cars": "17"}
{"date": "2019-07", "monthly_sales": "8801", "share_manufacturers": "16.36%", "sales_ranking_month": "49", "maker_ranking": "4", "ranking_compact_cars": "15"}
{"date": "2019-06", "monthly_sales": "8562", "share_manufacturers": "16.90%", "sales_ranking_month": "58", "maker_ranking": "3", "ranking_compact_cars": "17"}
{"date": "2019-05", "monthly_sales": "7039", "share_manufacturers": "18.86%", "sales_ranking_month": "65", "maker_ranking": "2", "ranking_compact_cars": "22"}
{"date": "2019-04", "monthly_sales": "6422", "share_manufacturers": "15.92%", "sales_ranking_month": "79", "maker_ranking": "4", "ranking_compact_cars": "24"}
{"date": "2019-03", "monthly_sales": "6223", "share_manufacturers": "12.75%", "sales_ranking_month": "108", "maker_ranking": "5", "ranking_compact_cars": "32"}
{"date": "2019-02", "monthly_sales": "3528", "share_manufacturers": "11.65%", "sales_ranking_month": "111", "maker_ranking": "5", "ranking_compact_cars": "33"}
