{"date": null, "monthly_sales": null, "share_manufacturers": null, "sales_ranking_month": null, "maker_ranking": null, "ranking_compact_cars": null}
{"date": "2023-03", "monthly_sales": "6322", "share_manufacturers": "16.53%", "sales_ranking_month": "73", "maker_ranking": "2", "ranking_compact_cars": "19"}
{"date": "2023-02", "monthly_sales": "8443", "share_manufacturers": "25.58%", "sales_ranking_month": "44", "maker_ranking": "1", "ranking_compact_cars": "12"}
{"date": "2023-01", "monthly_sales": "9846", "share_manufacturers": "28.13%", "sales_ranking_month": "34", "maker_ranking": "1", "ranking_compact_cars": "9"}
{"date": "2022-12", "monthly_sales": "5496", "share_manufacturers": "11.61%", "sales_ranking_month": "124", "maker_ranking": "4", "ranking_compact_cars": "31"}
{"date": "2022-11", "monthly_sales": "267", "share_manufacturers": "0.51%", "sales_ranking_month": "410", "maker_ranking": "9", "ranking_compact_cars": "73"}
{"date": "2022-10", "monthly_sales": "18465", "share_manufacturers": "25.90%", "sales_ranking_month": "21", "maker_ranking": "2", "ranking_compact_cars": "6"}
{"date": "2022-09", "monthly_sales": "12146", "share_manufacturers": "18.84%", "sales_ranking_month": "53", "maker_ranking": "3", "ranking_compact_cars": "13"}
{"date": "2022-08", "monthly_sales": "17251", "share_manufacturers": "27.41%", "sales_ranking_month": "31", "maker_ranking": "2", "ranking_compact_cars": "9"}
{"date": "2022-07", "monthly_sales": "22100", "share_manufacturers": "31.52%", "sales_ranking_month": "12", "maker_ranking": "1", "ranking_compact_cars": "6"}
{"date": "2022-06", "monthly_sales": "14113", "share_manufacturers": "18.60%", "sales_ranking_month": "39", "maker_ranking": "3", "ranking_compact_cars": "10"}
{"date": "2022-05", "monthly_sales": "12045", "share_manufacturers": "23.62%", "sales_ranking_month": "28", "maker_ranking": "2", "ranking_compact_cars": "9"}
{"date": "2022-04", "monthly_sales": "2443", "share_manufacturers": "14.82%", "sales_ranking_month": "110", "maker_ranking": "4", "ranking_compact_cars": "31"}
{"date": "2022-03", "monthly_sales": "8976", "share_manufacturers": "15.72%", "sales_ranking_month": "64", "maker_ranking": "3", "ranking_compact_cars": "15"}
{"date": "2022-02", "monthly_sales": "6318", "share_manufacturers": "15.03%", "sales_ranking_month": "68", "maker_ranking": "4", "ranking_compact_cars": "16"}
{"date": "2022-01", "monthly_sales": "8286", "share_manufacturers": "13.37%", "sales_ranking_month": "81", "maker_ranking": "4", "ranking_compact_cars": "19"}
{"date": "2021-12", "monthly_sales": "9784", "share_manufacturers": "10.77%", "sales_ranking_month": "79", "maker_ranking": "5", "ranking_compact_cars": "19"}
{"date": "2021-11", "monthly_sales": "6124", "share_manufacturers": "7.55%", "sales_ranking_month": "103", "maker_ranking": "5", "ranking_compact_cars": "23"}
{"date": "2021-10", "monthly_sales": "4030", "share_manufacturers": "4.91%", "sales_ranking_month": "146", "maker_ranking": "7", "ranking_compact_cars": "32"}
{"date": "2021-09", "monthly_sales": "3831", "share_manufacturers": "4.55%", "sales_ranking_month": "137", "maker_ranking": "5", "ranking_compact_cars": "30"}
{"date": "2021-08", "monthly_sales": "2893", "share_manufacturers": "4.50%", "sales_ranking_month": "152", "maker_ranking": "6", "ranking_compact_cars": "32"}
{"date": "2021-07", "monthly_sales": "--", "share_manufacturers": "--", "sales_ranking_month": "--", "maker_ranking": "--", "ranking_compact_cars": "--"}
{"date": "2021-06", "monthly_sales": "--", "share_manufacturers": "--", "sales_ranking_month": "--", "maker_ranking": "--", "ranking_compact_cars": "--"}
{"date": "2021-05", "monthly_sales": "1", "share_manufacturers": "0.00%", "sales_ranking_month": "487", "maker_ranking": "13", "ranking_compact_cars": "87"}
{"date": "2021-04", "monthly_sales": "10", "share_manufacturers": "0.02%", "sales_ranking_month": "474", "maker_ranking": "11", "ranking_compact_cars": "83"}
{"date": "2021-03", "monthly_sales": "887", "share_manufacturers": "1.19%", "sales_ranking_month": "277", "maker_ranking": "8", "ranking_compact_cars": "48"}
{"date": "2021-02", "monthly_sales": "21", "share_manufacturers": "0.04%", "sales_ranking_month": "431", "maker_ranking": "10", "ranking_compact_cars": "74"}
{"date": "2021-01", "monthly_sales": "2500", "share_manufacturers": "3.26%", "sales_ranking_month": "171", "maker_ranking": "7", "ranking_compact_cars": "31"}
{"date": "2020-12", "monthly_sales": "5905", "share_manufacturers": "5.15%", "sales_ranking_month": "111", "maker_ranking": "6", "ranking_compact_cars": "27"}
{"date": "2020-11", "monthly_sales": "765", "share_manufacturers": "0.77%", "sales_ranking_month": "320", "maker_ranking": "12", "ranking_compact_cars": "63"}
{"date": "2020-10", "monthly_sales": "2394", "share_manufacturers": "2.70%", "sales_ranking_month": "207", "maker_ranking": "6", "ranking_compact_cars": "45"}
{"date": "2020-09", "monthly_sales": "1898", "share_manufacturers": "2.17%", "sales_ranking_month": "219", "maker_ranking": "9", "ranking_compact_cars": "49"}
{"date": "2020-08", "monthly_sales": "846", "share_manufacturers": "0.98%", "sales_ranking_month": "282", "maker_ranking": "9", "ranking_compact_cars": "51"}
{"date": "2020-07", "monthly_sales": "649", "share_manufacturers": "0.85%", "sales_ranking_month": "305", "maker_ranking": "10", "ranking_compact_cars": "58"}
{"date": "2020-06", "monthly_sales": "1116", "share_manufacturers": "1.47%", "sales_ranking_month": "253", "maker_ranking": "9", "ranking_compact_cars": "52"}
{"date": "2020-05", "monthly_sales": "1216", "share_manufacturers": "1.49%", "sales_ranking_month": "252", "maker_ranking": "10", "ranking_compact_cars": "51"}
{"date": "2020-04", "monthly_sales": "298", "share_manufacturers": "0.46%", "sales_ranking_month": "337", "maker_ranking": "10", "ranking_compact_cars": "68"}
{"date": "2020-03", "monthly_sales": "33", "share_manufacturers": "0.12%", "sales_ranking_month": "424", "maker_ranking": "9", "ranking_compact_cars": "82"}
{"date": "2020-02", "monthly_sales": "28", "share_manufacturers": "0.69%", "sales_ranking_month": "323", "maker_ranking": "9", "ranking_compact_cars": "68"}
{"date": "2020-01", "monthly_sales": "1781", "share_manufacturers": "2.59%", "sales_ranking_month": "190", "maker_ranking": "9", "ranking_compact_cars": "47"}
{"date": "2019-12", "monthly_sales": "1149", "share_manufacturers": "1.47%", "sales_ranking_month": "291", "maker_ranking": "8", "ranking_compact_cars": "66"}
{"date": "2019-11", "monthly_sales": "3897", "share_manufacturers": "5.49%", "sales_ranking_month": "145", "maker_ranking": "5", "ranking_compact_cars": "41"}
{"date": "2019-10", "monthly_sales": "10893", "share_manufacturers": "14.03%", "sales_ranking_month": "53", "maker_ranking": "5", "ranking_compact_cars": "15"}
{"date": "2019-09", "monthly_sales": "7034", "share_manufacturers": "9.14%", "sales_ranking_month": "83", "maker_ranking": "5", "ranking_compact_cars": "28"}
{"date": "2019-08", "monthly_sales": "1388", "share_manufacturers": "1.98%", "sales_ranking_month": "240", "maker_ranking": "7", "ranking_compact_cars": "55"}
{"date": "2019-07", "monthly_sales": "4974", "share_manufacturers": "8.90%", "sales_ranking_month": "95", "maker_ranking": "4", "ranking_compact_cars": "33"}
{"date": "2019-06", "monthly_sales": "2008", "share_manufacturers": "2.89%", "sales_ranking_month": "222", "maker_ranking": "7", "ranking_compact_cars": "57"}
{"date": "2019-05", "monthly_sales": "687", "share_manufacturers": "0.96%", "sales_ranking_month": "302", "maker_ranking": "7", "ranking_compact_cars": "68"}
{"date": "2019-04", "monthly_sales": "10051", "share_manufacturers": "15.74%", "sales_ranking_month": "42", "maker_ranking": "3", "ranking_compact_cars": "15"}
{"date": "2019-03", "monthly_sales": "9100", "share_manufacturers": "10.39%", "sales_ranking_month": "66", "maker_ranking": "4", "ranking_compact_cars": "21"}
{"date": "2019-02", "monthly_sales": "8921", "share_manufacturers": "14.43%", "sales_ranking_month": "32", "maker_ranking": "2", "ranking_compact_cars": "15"}
