{"date": null, "monthly_sales": null, "share_manufacturers": null, "sales_ranking_month": null, "maker_ranking": null, "ranking_compact_cars": null}
{"date": "2023-03", "monthly_sales": "13001", "share_manufacturers": "16.04%", "sales_ranking_month": "21", "maker_ranking": "2", "ranking_compact_cars": "8"}
{"date": "2023-02", "monthly_sales": "10453", "share_manufacturers": "17.22%", "sales_ranking_month": "29", "maker_ranking": "2", "ranking_compact_cars": "9"}
{"date": "2023-01", "monthly_sales": "13143", "share_manufacturers": "18.77%", "sales_ranking_month": "17", "maker_ranking": "2", "ranking_compact_cars": "4"}
{"date": "2022-12", "monthly_sales": "12885", "share_manufacturers": "13.73%", "sales_ranking_month": "44", "maker_ranking": "2", "ranking_compact_cars": "13"}
{"date": "2022-11", "monthly_sales": "8645", "share_manufacturers": "11.94%", "sales_ranking_month": "69", "maker_ranking": "4", "ranking_compact_cars": "16"}
{"date": "2022-10", "monthly_sales": "15894", "share_manufacturers": "19.07%", "sales_ranking_month": "28", "maker_ranking": "2", "ranking_compact_cars": "8"}
{"date": "2022-09", "monthly_sales": "21671", "share_manufacturers": "18.99%", "sales_ranking_month": "16", "maker_ranking": "2", "ranking_compact_cars": "6"}
{"date": "2022-08", "monthly_sales": "9890", "share_manufacturers": "15.50%", "sales_ranking_month": "66", "maker_ranking": "2", "ranking_compact_cars": "15"}
{"date": "2022-07", "monthly_sales": "29182", "share_manufacturers": "29.14%", "sales_ranking_month": "6", "maker_ranking": "1", "ranking_compact_cars": "4"}
{"date": "2022-06", "monthly_sales": "45759", "share_manufacturers": "37.09%", "sales_ranking_month": "3", "maker_ranking": "1", "ranking_compact_cars": "1"}
{"date": "2022-05", "monthly_sales": "22201", "share_manufacturers": "24.94%", "sales_ranking_month": "6", "maker_ranking": "1", "ranking_compact_cars": "2"}
{"date": "2022-04", "monthly_sales": "4062", "share_manufacturers": "10.30%", "sales_ranking_month": "68", "maker_ranking": "5", "ranking_compact_cars": "18"}
{"date": "2022-03", "monthly_sales": "16235", "share_manufacturers": "21.20%", "sales_ranking_month": "21", "maker_ranking": "2", "ranking_compact_cars": "9"}
{"date": "2022-02", "monthly_sales": "15300", "share_manufacturers": "21.66%", "sales_ranking_month": "15", "maker_ranking": "1", "ranking_compact_cars": "6"}
{"date": "2022-01", "monthly_sales": "18521", "share_manufacturers": "17.90%", "sales_ranking_month": "20", "maker_ranking": "2", "ranking_compact_cars": "7"}
{"date": "2021-12", "monthly_sales": "17270", "share_manufacturers": "15.20%", "sales_ranking_month": "31", "maker_ranking": "3", "ranking_compact_cars": "11"}
{"date": "2021-11", "monthly_sales": "14241", "share_manufacturers": "16.27%", "sales_ranking_month": "40", "maker_ranking": "2", "ranking_compact_cars": "11"}
{"date": "2021-10", "monthly_sales": "20835", "share_manufacturers": "24.48%", "sales_ranking_month": "15", "maker_ranking": "2", "ranking_compact_cars": "7"}
{"date": "2021-09", "monthly_sales": "17483", "share_manufacturers": "29.84%", "sales_ranking_month": "12", "maker_ranking": "1", "ranking_compact_cars": "5"}
{"date": "2021-08", "monthly_sales": "15782", "share_manufacturers": "27.28%", "sales_ranking_month": "15", "maker_ranking": "1", "ranking_compact_cars": "5"}
{"date": "2021-07", "monthly_sales": "3509", "share_manufacturers": "8.91%", "sales_ranking_month": "137", "maker_ranking": "5", "ranking_compact_cars": "32"}
{"date": "2021-06", "monthly_sales": "18310", "share_manufacturers": "34.10%", "sales_ranking_month": "10", "maker_ranking": "1", "ranking_compact_cars": "5"}
{"date": "2021-05", "monthly_sales": "31301", "share_manufacturers": "32.44%", "sales_ranking_month": "3", "maker_ranking": "1", "ranking_compact_cars": "3"}
{"date": "2021-04", "monthly_sales": "17918", "share_manufacturers": "26.74%", "sales_ranking_month": "14", "maker_ranking": "1", "ranking_compact_cars": "6"}
{"date": "2021-03", "monthly_sales": "33995", "share_manufacturers": "26.18%", "sales_ranking_month": "7", "maker_ranking": "1", "ranking_compact_cars": "5"}
{"date": "2021-02", "monthly_sales": "20818", "share_manufacturers": "30.10%", "sales_ranking_month": "6", "maker_ranking": "1", "ranking_compact_cars": "4"}
{"date": "2021-01", "monthly_sales": "35102", "share_manufacturers": "29.05%", "sales_ranking_month": "7", "maker_ranking": "2", "ranking_compact_cars": "5"}
{"date": "2020-12", "monthly_sales": "30654", "share_manufacturers": "24.92%", "sales_ranking_month": "9", "maker_ranking": "1", "ranking_compact_cars": "5"}
{"date": "2020-11", "monthly_sales": "44217", "share_manufacturers": "28.64%", "sales_ranking_month": "4", "maker_ranking": "1", "ranking_compact_cars": "3"}
{"date": "2020-10", "monthly_sales": "37944", "share_manufacturers": "26.90%", "sales_ranking_month": "4", "maker_ranking": "1", "ranking_compact_cars": "3"}
{"date": "2020-09", "monthly_sales": "37959", "share_manufacturers": "27.69%", "sales_ranking_month": "5", "maker_ranking": "1", "ranking_compact_cars": "4"}
{"date": "2020-08", "monthly_sales": "26678", "share_manufacturers": "23.71%", "sales_ranking_month": "6", "maker_ranking": "2", "ranking_compact_cars": "5"}
{"date": "2020-07", "monthly_sales": "20678", "share_manufacturers": "22.44%", "sales_ranking_month": "7", "maker_ranking": "2", "ranking_compact_cars": "6"}
{"date": "2020-06", "monthly_sales": "26682", "share_manufacturers": "25.31%", "sales_ranking_month": "5", "maker_ranking": "1", "ranking_compact_cars": "5"}
{"date": "2020-05", "monthly_sales": "21531", "share_manufacturers": "20.51%", "sales_ranking_month": "9", "maker_ranking": "2", "ranking_compact_cars": "8"}
{"date": "2020-04", "monthly_sales": "23731", "share_manufacturers": "26.80%", "sales_ranking_month": "7", "maker_ranking": "1", "ranking_compact_cars": "6"}
{"date": "2020-03", "monthly_sales": "22289", "share_manufacturers": "32.98%", "sales_ranking_month": "3", "maker_ranking": "1", "ranking_compact_cars": "3"}
{"date": "2020-02", "monthly_sales": "4100", "share_manufacturers": "46.50%", "sales_ranking_month": "3", "maker_ranking": "1", "ranking_compact_cars": "2"}
{"date": "2020-01", "monthly_sales": "29878", "share_manufacturers": "26.41%", "sales_ranking_month": "4", "maker_ranking": "1", "ranking_compact_cars": "4"}
{"date": "2019-12", "monthly_sales": "31274", "share_manufacturers": "24.47%", "sales_ranking_month": "7", "maker_ranking": "2", "ranking_compact_cars": "5"}
{"date": "2019-11", "monthly_sales": "37646", "share_manufacturers": "23.81%", "sales_ranking_month": "5", "maker_ranking": "1", "ranking_compact_cars": "4"}
{"date": "2019-10", "monthly_sales": "36799", "share_manufacturers": "25.00%", "sales_ranking_month": "5", "maker_ranking": "1", "ranking_compact_cars": "4"}
{"date": "2019-09", "monthly_sales": "36610", "share_manufacturers": "23.81%", "sales_ranking_month": "4", "maker_ranking": "2", "ranking_compact_cars": "4"}
{"date": "2019-08", "monthly_sales": "28307", "share_manufacturers": "22.83%", "sales_ranking_month": "4", "maker_ranking": "2", "ranking_compact_cars": "4"}
{"date": "2019-07", "monthly_sales": "26704", "share_manufacturers": "25.73%", "sales_ranking_month": "2", "maker_ranking": "1", "ranking_compact_cars": "2"}
{"date": "2019-06", "monthly_sales": "26643", "share_manufacturers": "26.60%", "sales_ranking_month": "5", "maker_ranking": "1", "ranking_compact_cars": "4"}
{"date": "2019-05", "monthly_sales": "26283", "share_manufacturers": "26.90%", "sales_ranking_month": "7", "maker_ranking": "1", "ranking_compact_cars": "5"}
{"date": "2019-04", "monthly_sales": "19874", "share_manufacturers": "18.10%", "sales_ranking_month": "8", "maker_ranking": "2", "ranking_compact_cars": "5"}
{"date": "2019-03", "monthly_sales": "23380", "share_manufacturers": "20.47%", "sales_ranking_month": "9", "maker_ranking": "2", "ranking_compact_cars": "6"}
{"date": "2019-02", "monthly_sales": "15243", "share_manufacturers": "19.28%", "sales_ranking_month": "9", "maker_ranking": "3", "ranking_compact_cars": "7"}
