{"date": null, "monthly_sales": null, "share_manufacturers": null, "sales_ranking_month": null, "maker_ranking": null, "ranking_compact_cars": null}
{"date": "2023-03", "monthly_sales": "1428", "share_manufacturers": "2.45%", "sales_ranking_month": "231", "maker_ranking": "8", "ranking_compact_cars": "49"}
{"date": "2023-02", "monthly_sales": "1173", "share_manufacturers": "2.38%", "sales_ranking_month": "229", "maker_ranking": "8", "ranking_compact_cars": "49"}
{"date": "2023-01", "monthly_sales": "1053", "share_manufacturers": "1.86%", "sales_ranking_month": "231", "maker_ranking": "9", "ranking_compact_cars": "53"}
{"date": "2022-12", "monthly_sales": "1052", "share_manufacturers": "1.75%", "sales_ranking_month": "315", "maker_ranking": "8", "ranking_compact_cars": "63"}
{"date": "2022-11", "monthly_sales": "1869", "share_manufacturers": "3.19%", "sales_ranking_month": "230", "maker_ranking": "8", "ranking_compact_cars": "50"}
{"date": "2022-10", "monthly_sales": "2035", "share_manufacturers": "3.96%", "sales_ranking_month": "229", "maker_ranking": "8", "ranking_compact_cars": "52"}
{"date": "2022-09", "monthly_sales": "2266", "share_manufacturers": "3.22%", "sales_ranking_month": "226", "maker_ranking": "6", "ranking_compact_cars": "51"}
{"date": "2022-08", "monthly_sales": "2539", "share_manufacturers": "4.29%", "sales_ranking_month": "198", "maker_ranking": "7", "ranking_compact_cars": "41"}
{"date": "2022-07", "monthly_sales": "3440", "share_manufacturers": "6.78%", "sales_ranking_month": "174", "maker_ranking": "6", "ranking_compact_cars": "40"}
{"date": "2022-06", "monthly_sales": "785", "share_manufacturers": "1.26%", "sales_ranking_month": "324", "maker_ranking": "9", "ranking_compact_cars": "67"}
{"date": "2022-05", "monthly_sales": "1576", "share_manufacturers": "2.52%", "sales_ranking_month": "215", "maker_ranking": "8", "ranking_compact_cars": "49"}
{"date": "2022-04", "monthly_sales": "704", "share_manufacturers": "2.22%", "sales_ranking_month": "237", "maker_ranking": "5", "ranking_compact_cars": "53"}
{"date": "2022-03", "monthly_sales": "1893", "share_manufacturers": "5.30%", "sales_ranking_month": "221", "maker_ranking": "6", "ranking_compact_cars": "51"}
{"date": "2022-02", "monthly_sales": "2275", "share_manufacturers": "5.22%", "sales_ranking_month": "162", "maker_ranking": "5", "ranking_compact_cars": "36"}
{"date": "2022-01", "monthly_sales": "3766", "share_manufacturers": "4.76%", "sales_ranking_month": "159", "maker_ranking": "6", "ranking_compact_cars": "36"}
{"date": "2021-12", "monthly_sales": "3092", "share_manufacturers": "6.01%", "sales_ranking_month": "203", "maker_ranking": "6", "ranking_compact_cars": "41"}
{"date": "2021-11", "monthly_sales": "3073", "share_manufacturers": "6.52%", "sales_ranking_month": "184", "maker_ranking": "6", "ranking_compact_cars": "37"}
{"date": "2021-10", "monthly_sales": "2444", "share_manufacturers": "4.46%", "sales_ranking_month": "197", "maker_ranking": "6", "ranking_compact_cars": "39"}
{"date": "2021-09", "monthly_sales": "3382", "share_manufacturers": "6.28%", "sales_ranking_month": "148", "maker_ranking": "6", "ranking_compact_cars": "32"}
{"date": "2021-08", "monthly_sales": "3017", "share_manufacturers": "5.16%", "sales_ranking_month": "147", "maker_ranking": "6", "ranking_compact_cars": "30"}
{"date": "2021-07", "monthly_sales": "1809", "share_manufacturers": "4.16%", "sales_ranking_month": "198", "maker_ranking": "4", "ranking_compact_cars": "43"}
{"date": "2021-06", "monthly_sales": "3959", "share_manufacturers": "6.64%", "sales_ranking_month": "115", "maker_ranking": "6", "ranking_compact_cars": "26"}
{"date": "2021-05", "monthly_sales": "3176", "share_manufacturers": "5.05%", "sales_ranking_month": "147", "maker_ranking": "5", "ranking_compact_cars": "31"}
{"date": "2021-04", "monthly_sales": "2590", "share_manufacturers": "4.22%", "sales_ranking_month": "165", "maker_ranking": "6", "ranking_compact_cars": "32"}
{"date": "2021-03", "monthly_sales": "3370", "share_manufacturers": "5.14%", "sales_ranking_month": "141", "maker_ranking": "6", "ranking_compact_cars": "28"}
{"date": "2021-02", "monthly_sales": "2355", "share_manufacturers": "5.65%", "sales_ranking_month": "114", "maker_ranking": "5", "ranking_compact_cars": "25"}
{"date": "2021-01", "monthly_sales": "4075", "share_manufacturers": "5.56%", "sales_ranking_month": "124", "maker_ranking": "4", "ranking_compact_cars": "23"}
{"date": "2020-12", "monthly_sales": "2879", "share_manufacturers": "5.25%", "sales_ranking_month": "196", "maker_ranking": "4", "ranking_compact_cars": "40"}
{"date": "2020-11", "monthly_sales": "4149", "share_manufacturers": "6.78%", "sales_ranking_month": "140", "maker_ranking": "4", "ranking_compact_cars": "31"}
{"date": "2020-10", "monthly_sales": "3964", "share_manufacturers": "8.40%", "sales_ranking_month": "138", "maker_ranking": "4", "ranking_compact_cars": "31"}
{"date": "2020-09", "monthly_sales": "3076", "share_manufacturers": "5.46%", "sales_ranking_month": "161", "maker_ranking": "4", "ranking_compact_cars": "34"}
{"date": "2020-08", "monthly_sales": "3785", "share_manufacturers": "5.77%", "sales_ranking_month": "120", "maker_ranking": "5", "ranking_compact_cars": "28"}
{"date": "2020-07", "monthly_sales": "3890", "share_manufacturers": "6.12%", "sales_ranking_month": "114", "maker_ranking": "5", "ranking_compact_cars": "29"}
{"date": "2020-06", "monthly_sales": "4137", "share_manufacturers": "8.88%", "sales_ranking_month": "123", "maker_ranking": "5", "ranking_compact_cars": "31"}
{"date": "2020-05", "monthly_sales": "3468", "share_manufacturers": "5.99%", "sales_ranking_month": "133", "maker_ranking": "5", "ranking_compact_cars": "35"}
{"date": "2020-04", "monthly_sales": "3346", "share_manufacturers": "5.95%", "sales_ranking_month": "128", "maker_ranking": "5", "ranking_compact_cars": "34"}
{"date": "2020-03", "monthly_sales": "2671", "share_manufacturers": "6.17%", "sales_ranking_month": "110", "maker_ranking": "5", "ranking_compact_cars": "30"}
{"date": "2020-02", "monthly_sales": "518", "share_manufacturers": "6.44%", "sales_ranking_month": "115", "maker_ranking": "5", "ranking_compact_cars": "29"}
{"date": "2020-01", "monthly_sales": "3360", "share_manufacturers": "6.94%", "sales_ranking_month": "137", "maker_ranking": "5", "ranking_compact_cars": "38"}
{"date": "2019-12", "monthly_sales": "3487", "share_manufacturers": "6.63%", "sales_ranking_month": "170", "maker_ranking": "5", "ranking_compact_cars": "48"}
{"date": "2019-11", "monthly_sales": "3760", "share_manufacturers": "6.97%", "sales_ranking_month": "150", "maker_ranking": "5", "ranking_compact_cars": "42"}
{"date": "2019-10", "monthly_sales": "4646", "share_manufacturers": "9.51%", "sales_ranking_month": "127", "maker_ranking": "5", "ranking_compact_cars": "39"}
{"date": "2019-09", "monthly_sales": "3563", "share_manufacturers": "7.18%", "sales_ranking_month": "160", "maker_ranking": "5", "ranking_compact_cars": "46"}
{"date": "2019-08", "monthly_sales": "4156", "share_manufacturers": "8.72%", "sales_ranking_month": "128", "maker_ranking": "5", "ranking_compact_cars": "39"}
{"date": "2019-07", "monthly_sales": "4210", "share_manufacturers": "9.21%", "sales_ranking_month": "117", "maker_ranking": "5", "ranking_compact_cars": "38"}
{"date": "2019-06", "monthly_sales": "4221", "share_manufacturers": "9.98%", "sales_ranking_month": "138", "maker_ranking": "4", "ranking_compact_cars": "46"}
{"date": "2019-05", "monthly_sales": "4011", "share_manufacturers": "8.61%", "sales_ranking_month": "125", "maker_ranking": "4", "ranking_compact_cars": "39"}
{"date": "2019-04", "monthly_sales": "3040", "share_manufacturers": "6.09%", "sales_ranking_month": "160", "maker_ranking": "5", "ranking_compact_cars": "49"}
{"date": "2019-03", "monthly_sales": "3200", "share_manufacturers": "6.47%", "sales_ranking_month": "172", "maker_ranking": "5", "ranking_compact_cars": "46"}
{"date": "2019-02", "monthly_sales": "3055", "share_manufacturers": "9.28%", "sales_ranking_month": "127", "maker_ranking": "5", "ranking_compact_cars": "37"}
