{"date": null, "monthly_sales": null, "share_manufacturers": null, "sales_ranking_month": null, "maker_ranking": null, "ranking_compact_cars": null}
{"date": "2023-03", "monthly_sales": "2241", "share_manufacturers": "32.01%", "sales_ranking_month": "181", "maker_ranking": "2", "ranking_compact_cars": "42"}
{"date": "2023-02", "monthly_sales": "1890", "share_manufacturers": "31.45%", "sales_ranking_month": "180", "maker_ranking": "2", "ranking_compact_cars": "41"}
{"date": "2023-01", "monthly_sales": "1389", "share_manufacturers": "26.62%", "sales_ranking_month": "202", "maker_ranking": "2", "ranking_compact_cars": "47"}
{"date": "2022-12", "monthly_sales": "2827", "share_manufacturers": "25.04%", "sales_ranking_month": "203", "maker_ranking": "3", "ranking_compact_cars": "45"}
{"date": "2022-11", "monthly_sales": "1453", "share_manufacturers": "25.00%", "sales_ranking_month": "269", "maker_ranking": "3", "ranking_compact_cars": "58"}
{"date": "2022-10", "monthly_sales": "1665", "share_manufacturers": "32.64%", "sales_ranking_month": "253", "maker_ranking": "2", "ranking_compact_cars": "55"}
{"date": "2022-09", "monthly_sales": "2417", "share_manufacturers": "28.54%", "sales_ranking_month": "221", "maker_ranking": "2", "ranking_compact_cars": "50"}
{"date": "2022-08", "monthly_sales": "2678", "share_manufacturers": "27.96%", "sales_ranking_month": "192", "maker_ranking": "2", "ranking_compact_cars": "39"}
{"date": "2022-07", "monthly_sales": "3608", "share_manufacturers": "31.31%", "sales_ranking_month": "170", "maker_ranking": "2", "ranking_compact_cars": "39"}
{"date": "2022-06", "monthly_sales": "5598", "share_manufacturers": "36.60%", "sales_ranking_month": "123", "maker_ranking": "2", "ranking_compact_cars": "32"}
{"date": "2022-05", "monthly_sales": "3686", "share_manufacturers": "36.40%", "sales_ranking_month": "128", "maker_ranking": "2", "ranking_compact_cars": "36"}
{"date": "2022-04", "monthly_sales": "3564", "share_manufacturers": "39.59%", "sales_ranking_month": "76", "maker_ranking": "2", "ranking_compact_cars": "21"}
{"date": "2022-03", "monthly_sales": "4398", "share_manufacturers": "28.53%", "sales_ranking_month": "124", "maker_ranking": "2", "ranking_compact_cars": "29"}
{"date": "2022-02", "monthly_sales": "2059", "share_manufacturers": "33.08%", "sales_ranking_month": "178", "maker_ranking": "2", "ranking_compact_cars": "42"}
{"date": "2022-01", "monthly_sales": "4029", "share_manufacturers": "31.18%", "sales_ranking_month": "149", "maker_ranking": "2", "ranking_compact_cars": "34"}
{"date": "2021-12", "monthly_sales": "5030", "share_manufacturers": "31.44%", "sales_ranking_month": "143", "maker_ranking": "2", "ranking_compact_cars": "31"}
{"date": "2021-11", "monthly_sales": "2154", "share_manufacturers": "13.80%", "sales_ranking_month": "222", "maker_ranking": "3", "ranking_compact_cars": "46"}
{"date": "2021-10", "monthly_sales": "437", "share_manufacturers": "4.31%", "sales_ranking_month": "365", "maker_ranking": "3", "ranking_compact_cars": "64"}
