{"date": null, "monthly_sales": null, "share_manufacturers": null, "sales_ranking_month": null, "maker_ranking": null, "ranking_compact_cars": null}
{"date": "2023-03", "monthly_sales": "11121", "share_manufacturers": "18.02%", "sales_ranking_month": "32", "maker_ranking": "1", "ranking_compact_cars": "9"}
{"date": "2023-02", "monthly_sales": "10315", "share_manufacturers": "15.84%", "sales_ranking_month": "31", "maker_ranking": "2", "ranking_compact_cars": "10"}
{"date": "2023-01", "monthly_sales": "10100", "share_manufacturers": "14.97%", "sales_ranking_month": "32", "maker_ranking": "4", "ranking_compact_cars": "8"}
{"date": "2022-12", "monthly_sales": "13117", "share_manufacturers": "15.88%", "sales_ranking_month": "43", "maker_ranking": "3", "ranking_compact_cars": "12"}
{"date": "2022-11", "monthly_sales": "16781", "share_manufacturers": "17.73%", "sales_ranking_month": "22", "maker_ranking": "2", "ranking_compact_cars": "6"}
{"date": "2022-10", "monthly_sales": "16718", "share_manufacturers": "15.64%", "sales_ranking_month": "25", "maker_ranking": "2", "ranking_compact_cars": "7"}
{"date": "2022-09", "monthly_sales": "13757", "share_manufacturers": "16.64%", "sales_ranking_month": "43", "maker_ranking": "2", "ranking_compact_cars": "10"}
{"date": "2022-08", "monthly_sales": "24954", "share_manufacturers": "26.97%", "sales_ranking_month": "15", "maker_ranking": "1", "ranking_compact_cars": "5"}
{"date": "2022-07", "monthly_sales": "3042", "share_manufacturers": "3.65%", "sales_ranking_month": "185", "maker_ranking": "8", "ranking_compact_cars": "41"}
{"date": "2022-06", "monthly_sales": "12567", "share_manufacturers": "13.71%", "sales_ranking_month": "48", "maker_ranking": "3", "ranking_compact_cars": "12"}
{"date": "2022-05", "monthly_sales": "11753", "share_manufacturers": "19.52%", "sales_ranking_month": "30", "maker_ranking": "1", "ranking_compact_cars": "10"}
{"date": "2022-04", "monthly_sales": "7784", "share_manufacturers": "15.84%", "sales_ranking_month": "27", "maker_ranking": "3", "ranking_compact_cars": "8"}
{"date": "2022-03", "monthly_sales": "13593", "share_manufacturers": "18.02%", "sales_ranking_month": "29", "maker_ranking": "1", "ranking_compact_cars": "12"}
{"date": "2022-02", "monthly_sales": "10440", "share_manufacturers": "18.86%", "sales_ranking_month": "34", "maker_ranking": "2", "ranking_compact_cars": "9"}
{"date": "2022-01", "monthly_sales": "18129", "share_manufacturers": "16.14%", "sales_ranking_month": "24", "maker_ranking": "1", "ranking_compact_cars": "8"}
{"date": "2021-12", "monthly_sales": "27794", "share_manufacturers": "22.77%", "sales_ranking_month": "9", "maker_ranking": "1", "ranking_compact_cars": "4"}
{"date": "2021-11", "monthly_sales": "23183", "share_manufacturers": "22.40%", "sales_ranking_month": "14", "maker_ranking": "1", "ranking_compact_cars": "7"}
{"date": "2021-10", "monthly_sales": "17585", "share_manufacturers": "20.44%", "sales_ranking_month": "20", "maker_ranking": "1", "ranking_compact_cars": "10"}
{"date": "2021-09", "monthly_sales": "16906", "share_manufacturers": "20.01%", "sales_ranking_month": "16", "maker_ranking": "2", "ranking_compact_cars": "6"}
{"date": "2021-08", "monthly_sales": "14349", "share_manufacturers": "18.57%", "sales_ranking_month": "18", "maker_ranking": "2", "ranking_compact_cars": "7"}
{"date": "2021-07", "monthly_sales": "14163", "share_manufacturers": "17.89%", "sales_ranking_month": "19", "maker_ranking": "2", "ranking_compact_cars": "6"}
{"date": "2021-06", "monthly_sales": "9994", "share_manufacturers": "12.26%", "sales_ranking_month": "37", "maker_ranking": "3", "ranking_compact_cars": "13"}
{"date": "2021-05", "monthly_sales": "14015", "share_manufacturers": "18.30%", "sales_ranking_month": "21", "maker_ranking": "2", "ranking_compact_cars": "8"}
{"date": "2021-04", "monthly_sales": "16306", "share_manufacturers": "20.24%", "sales_ranking_month": "19", "maker_ranking": "2", "ranking_compact_cars": "7"}
{"date": "2021-03", "monthly_sales": "12381", "share_manufacturers": "14.98%", "sales_ranking_month": "38", "maker_ranking": "3", "ranking_compact_cars": "11"}
{"date": "2021-02", "monthly_sales": "12167", "share_manufacturers": "18.76%", "sales_ranking_month": "15", "maker_ranking": "2", "ranking_compact_cars": "9"}
{"date": "2021-01", "monthly_sales": "23696", "share_manufacturers": "18.28%", "sales_ranking_month": "15", "maker_ranking": "2", "ranking_compact_cars": "8"}
{"date": "2020-12", "monthly_sales": "21841", "share_manufacturers": "17.07%", "sales_ranking_month": "17", "maker_ranking": "2", "ranking_compact_cars": "8"}
{"date": "2020-11", "monthly_sales": "21589", "share_manufacturers": "17.17%", "sales_ranking_month": "19", "maker_ranking": "2", "ranking_compact_cars": "9"}
{"date": "2020-10", "monthly_sales": "21143", "share_manufacturers": "18.19%", "sales_ranking_month": "15", "maker_ranking": "2", "ranking_compact_cars": "7"}
{"date": "2020-09", "monthly_sales": "20193", "share_manufacturers": "19.71%", "sales_ranking_month": "16", "maker_ranking": "2", "ranking_compact_cars": "9"}
{"date": "2020-08", "monthly_sales": "20121", "share_manufacturers": "21.96%", "sales_ranking_month": "13", "maker_ranking": "2", "ranking_compact_cars": "9"}
{"date": "2020-07", "monthly_sales": "17015", "share_manufacturers": "19.67%", "sales_ranking_month": "19", "maker_ranking": "1", "ranking_compact_cars": "10"}
{"date": "2020-06", "monthly_sales": "21100", "share_manufacturers": "22.79%", "sales_ranking_month": "10", "maker_ranking": "1", "ranking_compact_cars": "8"}
{"date": "2020-05", "monthly_sales": "23230", "share_manufacturers": "24.93%", "sales_ranking_month": "7", "maker_ranking": "1", "ranking_compact_cars": "7"}
{"date": "2020-04", "monthly_sales": "20310", "share_manufacturers": "21.35%", "sales_ranking_month": "9", "maker_ranking": "1", "ranking_compact_cars": "7"}
{"date": "2020-03", "monthly_sales": "11033", "share_manufacturers": "17.14%", "sales_ranking_month": "19", "maker_ranking": "2", "ranking_compact_cars": "7"}
{"date": "2020-02", "monthly_sales": "3623", "share_manufacturers": "20.01%", "sales_ranking_month": "7", "maker_ranking": "1", "ranking_compact_cars": "4"}
{"date": "2020-01", "monthly_sales": "22171", "share_manufacturers": "21.86%", "sales_ranking_month": "10", "maker_ranking": "2", "ranking_compact_cars": "7"}
{"date": "2019-12", "monthly_sales": "19729", "share_manufacturers": "16.70%", "sales_ranking_month": "16", "maker_ranking": "2", "ranking_compact_cars": "9"}
{"date": "2019-11", "monthly_sales": "16453", "share_manufacturers": "13.42%", "sales_ranking_month": "25", "maker_ranking": "2", "ranking_compact_cars": "10"}
{"date": "2019-10", "monthly_sales": "18342", "share_manufacturers": "16.41%", "sales_ranking_month": "16", "maker_ranking": "2", "ranking_compact_cars": "9"}
{"date": "2019-09", "monthly_sales": "15481", "share_manufacturers": "15.97%", "sales_ranking_month": "27", "maker_ranking": "2", "ranking_compact_cars": "12"}
{"date": "2019-08", "monthly_sales": "13380", "share_manufacturers": "15.64%", "sales_ranking_month": "27", "maker_ranking": "2", "ranking_compact_cars": "10"}
{"date": "2019-07", "monthly_sales": "14077", "share_manufacturers": "17.56%", "sales_ranking_month": "23", "maker_ranking": "2", "ranking_compact_cars": "11"}
{"date": "2019-06", "monthly_sales": "10410", "share_manufacturers": "14.20%", "sales_ranking_month": "46", "maker_ranking": "2", "ranking_compact_cars": "15"}
{"date": "2019-05", "monthly_sales": "12693", "share_manufacturers": "16.85%", "sales_ranking_month": "25", "maker_ranking": "2", "ranking_compact_cars": "10"}
{"date": "2019-04", "monthly_sales": "10847", "share_manufacturers": "12.36%", "sales_ranking_month": "39", "maker_ranking": "3", "ranking_compact_cars": "14"}
{"date": "2019-03", "monthly_sales": "17260", "share_manufacturers": "15.79%", "sales_ranking_month": "20", "maker_ranking": "2", "ranking_compact_cars": "13"}
{"date": "2019-02", "monthly_sales": "12370", "share_manufacturers": "17.34%", "sales_ranking_month": "14", "maker_ranking": "2", "ranking_compact_cars": "11"}
