{"date": null, "monthly_sales": null, "share_manufacturers": null, "sales_ranking_month": null, "maker_ranking": null, "ranking_compact_cars": null}
{"date": "2023-03", "monthly_sales": "2916", "share_manufacturers": "99.39%", "sales_ranking_month": "148", "maker_ranking": "1", "ranking_compact_cars": "35"}
{"date": "2023-02", "monthly_sales": "2032", "share_manufacturers": "99.85%", "sales_ranking_month": "173", "maker_ranking": "1", "ranking_compact_cars": "39"}
{"date": "2023-01", "monthly_sales": "2044", "share_manufacturers": "99.56%", "sales_ranking_month": "161", "maker_ranking": "1", "ranking_compact_cars": "38"}
{"date": "2022-12", "monthly_sales": "3753", "share_manufacturers": "99.52%", "sales_ranking_month": "179", "maker_ranking": "1", "ranking_compact_cars": "42"}
{"date": "2022-11", "monthly_sales": "3426", "share_manufacturers": "99.10%", "sales_ranking_month": "166", "maker_ranking": "1", "ranking_compact_cars": "41"}
{"date": "2022-10", "monthly_sales": "2742", "share_manufacturers": "99.89%", "sales_ranking_month": "195", "maker_ranking": "1", "ranking_compact_cars": "45"}
{"date": "2022-09", "monthly_sales": "2507", "share_manufacturers": "92.75%", "sales_ranking_month": "212", "maker_ranking": "1", "ranking_compact_cars": "47"}
{"date": "2022-08", "monthly_sales": "1638", "share_manufacturers": "82.19%", "sales_ranking_month": "238", "maker_ranking": "1", "ranking_compact_cars": "49"}
{"date": "2022-07", "monthly_sales": "1419", "share_manufacturers": "89.81%", "sales_ranking_month": "268", "maker_ranking": "1", "ranking_compact_cars": "58"}
{"date": "2022-06", "monthly_sales": "490", "share_manufacturers": "61.56%", "sales_ranking_month": "367", "maker_ranking": "1", "ranking_compact_cars": "72"}
{"date": "2022-05", "monthly_sales": "1598", "share_manufacturers": "88.53%", "sales_ranking_month": "212", "maker_ranking": "1", "ranking_compact_cars": "48"}
{"date": "2022-04", "monthly_sales": "2622", "share_manufacturers": "91.61%", "sales_ranking_month": "104", "maker_ranking": "1", "ranking_compact_cars": "29"}
{"date": "2022-03", "monthly_sales": "2745", "share_manufacturers": "91.59%", "sales_ranking_month": "185", "maker_ranking": "1", "ranking_compact_cars": "42"}
{"date": "2022-02", "monthly_sales": "2494", "share_manufacturers": "87.45%", "sales_ranking_month": "153", "maker_ranking": "1", "ranking_compact_cars": "35"}
{"date": "2022-01", "monthly_sales": "2666", "share_manufacturers": "90.53%", "sales_ranking_month": "192", "maker_ranking": "1", "ranking_compact_cars": "47"}
{"date": "2021-12", "monthly_sales": "10", "share_manufacturers": "1.62%", "sales_ranking_month": "510", "maker_ranking": "5", "ranking_compact_cars": "85"}
{"date": "2021-11", "monthly_sales": "3", "share_manufacturers": "0.45%", "sales_ranking_month": "516", "maker_ranking": "5", "ranking_compact_cars": "88"}
{"date": "2021-10", "monthly_sales": "--", "share_manufacturers": "--", "sales_ranking_month": "--", "maker_ranking": "--", "ranking_compact_cars": "--"}
{"date": "2021-09", "monthly_sales": "26", "share_manufacturers": "0.03%", "sales_ranking_month": "459", "maker_ranking": "3", "ranking_compact_cars": "75"}
{"date": "2021-08", "monthly_sales": "2908", "share_manufacturers": "76.71%", "sales_ranking_month": "151", "maker_ranking": "1", "ranking_compact_cars": "31"}
{"date": "2021-07", "monthly_sales": "--", "share_manufacturers": "--", "sales_ranking_month": "--", "maker_ranking": "--", "ranking_compact_cars": "--"}
{"date": "2021-06", "monthly_sales": "2843", "share_manufacturers": "100.00%", "sales_ranking_month": "158", "maker_ranking": "1", "ranking_compact_cars": "32"}
{"date": "2021-05", "monthly_sales": "1445", "share_manufacturers": "65.62%", "sales_ranking_month": "222", "maker_ranking": "1", "ranking_compact_cars": "41"}
{"date": "2021-04", "monthly_sales": "523", "share_manufacturers": "34.21%", "sales_ranking_month": "323", "maker_ranking": "1", "ranking_compact_cars": "53"}
{"date": "2021-03", "monthly_sales": "893", "share_manufacturers": "55.40%", "sales_ranking_month": "276", "maker_ranking": "1", "ranking_compact_cars": "47"}
{"date": "2021-02", "monthly_sales": "264", "share_manufacturers": "39.40%", "sales_ranking_month": "315", "maker_ranking": "1", "ranking_compact_cars": "57"}
{"date": "2021-01", "monthly_sales": "902", "share_manufacturers": "72.62%", "sales_ranking_month": "274", "maker_ranking": "1", "ranking_compact_cars": "47"}
{"date": "2020-12", "monthly_sales": "2503", "share_manufacturers": "81.45%", "sales_ranking_month": "214", "maker_ranking": "1", "ranking_compact_cars": "43"}
{"date": "2020-11", "monthly_sales": "1771", "share_manufacturers": "68.19%", "sales_ranking_month": "245", "maker_ranking": "1", "ranking_compact_cars": "50"}
{"date": "2020-10", "monthly_sales": "880", "share_manufacturers": "62.15%", "sales_ranking_month": "310", "maker_ranking": "1", "ranking_compact_cars": "58"}
{"date": "2020-09", "monthly_sales": "129", "share_manufacturers": "14.53%", "sales_ranking_month": "397", "maker_ranking": "4", "ranking_compact_cars": "75"}
{"date": "2020-08", "monthly_sales": "893", "share_manufacturers": "60.50%", "sales_ranking_month": "276", "maker_ranking": "1", "ranking_compact_cars": "49"}
{"date": "2020-07", "monthly_sales": "780", "share_manufacturers": "61.71%", "sales_ranking_month": "289", "maker_ranking": "1", "ranking_compact_cars": "52"}
{"date": "2020-06", "monthly_sales": "785", "share_manufacturers": "54.78%", "sales_ranking_month": "290", "maker_ranking": "1", "ranking_compact_cars": "57"}
{"date": "2020-05", "monthly_sales": "927", "share_manufacturers": "60.35%", "sales_ranking_month": "278", "maker_ranking": "1", "ranking_compact_cars": "54"}
{"date": "2020-04", "monthly_sales": "621", "share_manufacturers": "49.64%", "sales_ranking_month": "289", "maker_ranking": "1", "ranking_compact_cars": "58"}
{"date": "2020-03", "monthly_sales": "203", "share_manufacturers": "63.84%", "sales_ranking_month": "338", "maker_ranking": "1", "ranking_compact_cars": "66"}
{"date": "2020-02", "monthly_sales": "43", "share_manufacturers": "39.81%", "sales_ranking_month": "299", "maker_ranking": "2", "ranking_compact_cars": "64"}
{"date": "2020-01", "monthly_sales": "158", "share_manufacturers": "21.07%", "sales_ranking_month": "370", "maker_ranking": "2", "ranking_compact_cars": "78"}
{"date": "2019-12", "monthly_sales": "--", "share_manufacturers": "--", "sales_ranking_month": "--", "maker_ranking": "--", "ranking_compact_cars": "--"}
{"date": "2019-11", "monthly_sales": "2104", "share_manufacturers": "60.93%", "sales_ranking_month": "214", "maker_ranking": "1", "ranking_compact_cars": "51"}
{"date": "2019-10", "monthly_sales": "37", "share_manufacturers": "7.69%", "sales_ranking_month": "454", "maker_ranking": "5", "ranking_compact_cars": "95"}
{"date": "2019-09", "monthly_sales": "430", "share_manufacturers": "20.71%", "sales_ranking_month": "346", "maker_ranking": "2", "ranking_compact_cars": "74"}
{"date": "2019-08", "monthly_sales": "2330", "share_manufacturers": "68.43%", "sales_ranking_month": "193", "maker_ranking": "1", "ranking_compact_cars": "49"}
{"date": "2019-07", "monthly_sales": "825", "share_manufacturers": "54.31%", "sales_ranking_month": "281", "maker_ranking": "1", "ranking_compact_cars": "62"}
{"date": "2019-06", "monthly_sales": "4465", "share_manufacturers": "65.21%", "sales_ranking_month": "125", "maker_ranking": "1", "ranking_compact_cars": "39"}
{"date": "2019-05", "monthly_sales": "3348", "share_manufacturers": "76.13%", "sales_ranking_month": "145", "maker_ranking": "1", "ranking_compact_cars": "42"}
{"date": "2019-04", "monthly_sales": "5225", "share_manufacturers": "86.19%", "sales_ranking_month": "101", "maker_ranking": "1", "ranking_compact_cars": "34"}
{"date": "2019-03", "monthly_sales": "4207", "share_manufacturers": "67.27%", "sales_ranking_month": "138", "maker_ranking": "1", "ranking_compact_cars": "38"}
{"date": "2019-02", "monthly_sales": "3892", "share_manufacturers": "79.01%", "sales_ranking_month": "101", "maker_ranking": "1", "ranking_compact_cars": "30"}
