{"date": null, "monthly_sales": null, "share_manufacturers": null, "sales_ranking_month": null, "maker_ranking": null, "ranking_compact_cars": null}
{"date": "2023-03", "monthly_sales": "128", "share_manufacturers": "100.00%", "sales_ranking_month": "449", "maker_ranking": "1", "ranking_compact_cars": "74"}
{"date": "2023-02", "monthly_sales": "93", "share_manufacturers": "100.00%", "sales_ranking_month": "453", "maker_ranking": "1", "ranking_compact_cars": "80"}
{"date": "2023-01", "monthly_sales": "8", "share_manufacturers": "100.00%", "sales_ranking_month": "517", "maker_ranking": "1", "ranking_compact_cars": "85"}
{"date": "2022-12", "monthly_sales": "159", "share_manufacturers": "100.00%", "sales_ranking_month": "453", "maker_ranking": "1", "ranking_compact_cars": "76"}
{"date": "2022-11", "monthly_sales": "31", "share_manufacturers": "100.00%", "sales_ranking_month": "492", "maker_ranking": "1", "ranking_compact_cars": "79"}
{"date": "2022-09", "monthly_sales": "49", "share_manufacturers": "100.00%", "sales_ranking_month": "497", "maker_ranking": "1", "ranking_compact_cars": "82"}
{"date": "2022-08", "monthly_sales": "144", "share_manufacturers": "100.00%", "sales_ranking_month": "428", "maker_ranking": "1", "ranking_compact_cars": "71"}
{"date": "2022-07", "monthly_sales": "60", "share_manufacturers": "100.00%", "sales_ranking_month": "463", "maker_ranking": "1", "ranking_compact_cars": "83"}
{"date": "2022-06", "monthly_sales": "72", "share_manufacturers": "100.00%", "sales_ranking_month": "462", "maker_ranking": "1", "ranking_compact_cars": "84"}
{"date": "2022-05", "monthly_sales": "70", "share_manufacturers": "100.00%", "sales_ranking_month": "445", "maker_ranking": "1", "ranking_compact_cars": "81"}
{"date": "2022-04", "monthly_sales": "78", "share_manufacturers": "100.00%", "sales_ranking_month": "413", "maker_ranking": "1", "ranking_compact_cars": "77"}
{"date": "2022-03", "monthly_sales": "22", "share_manufacturers": "100.00%", "sales_ranking_month": "473", "maker_ranking": "1", "ranking_compact_cars": "84"}
{"date": "2022-02", "monthly_sales": "390", "share_manufacturers": "100.00%", "sales_ranking_month": "351", "maker_ranking": "1", "ranking_compact_cars": "68"}
{"date": "2022-01", "monthly_sales": "193", "share_manufacturers": "100.00%", "sales_ranking_month": "408", "maker_ranking": "1", "ranking_compact_cars": "72"}
{"date": "2021-12", "monthly_sales": "264", "share_manufacturers": "100.00%", "sales_ranking_month": "416", "maker_ranking": "1", "ranking_compact_cars": "70"}
{"date": "2021-11", "monthly_sales": "11", "share_manufacturers": "100.00%", "sales_ranking_month": "506", "maker_ranking": "1", "ranking_compact_cars": "86"}
{"date": "2021-10", "monthly_sales": "128", "share_manufacturers": "100.00%", "sales_ranking_month": "424", "maker_ranking": "1", "ranking_compact_cars": "73"}
{"date": "2021-09", "monthly_sales": "12", "share_manufacturers": "100.00%", "sales_ranking_month": "469", "maker_ranking": "1", "ranking_compact_cars": "79"}
{"date": "2021-08", "monthly_sales": "266", "share_manufacturers": "100.00%", "sales_ranking_month": "372", "maker_ranking": "1", "ranking_compact_cars": "69"}
{"date": "2021-07", "monthly_sales": "252", "share_manufacturers": "100.00%", "sales_ranking_month": "353", "maker_ranking": "1", "ranking_compact_cars": "67"}
{"date": "2021-06", "monthly_sales": "179", "share_manufacturers": "100.00%", "sales_ranking_month": "390", "maker_ranking": "1", "ranking_compact_cars": "69"}
{"date": "2021-05", "monthly_sales": "493", "share_manufacturers": "100.00%", "sales_ranking_month": "325", "maker_ranking": "1", "ranking_compact_cars": "56"}
{"date": "2021-04", "monthly_sales": "476", "share_manufacturers": "100.00%", "sales_ranking_month": "330", "maker_ranking": "1", "ranking_compact_cars": "54"}
{"date": "2021-03", "monthly_sales": "852", "share_manufacturers": "100.00%", "sales_ranking_month": "282", "maker_ranking": "1", "ranking_compact_cars": "50"}
{"date": "2021-02", "monthly_sales": "370", "share_manufacturers": "100.00%", "sales_ranking_month": "284", "maker_ranking": "1", "ranking_compact_cars": "51"}
{"date": "2021-01", "monthly_sales": "592", "share_manufacturers": "100.00%", "sales_ranking_month": "307", "maker_ranking": "1", "ranking_compact_cars": "53"}
{"date": "2020-12", "monthly_sales": "707", "share_manufacturers": "100.00%", "sales_ranking_month": "339", "maker_ranking": "1", "ranking_compact_cars": "65"}
{"date": "2020-11", "monthly_sales": "654", "share_manufacturers": "100.00%", "sales_ranking_month": "332", "maker_ranking": "1", "ranking_compact_cars": "68"}
{"date": "2020-10", "monthly_sales": "665", "share_manufacturers": "100.00%", "sales_ranking_month": "332", "maker_ranking": "1", "ranking_compact_cars": "63"}
{"date": "2020-09", "monthly_sales": "552", "share_manufacturers": "100.00%", "sales_ranking_month": "325", "maker_ranking": "1", "ranking_compact_cars": "63"}
{"date": "2020-08", "monthly_sales": "686", "share_manufacturers": "100.00%", "sales_ranking_month": "301", "maker_ranking": "1", "ranking_compact_cars": "53"}
{"date": "2020-07", "monthly_sales": "609", "share_manufacturers": "100.00%", "sales_ranking_month": "309", "maker_ranking": "1", "ranking_compact_cars": "60"}
{"date": "2020-06", "monthly_sales": "293", "share_manufacturers": "100.00%", "sales_ranking_month": "355", "maker_ranking": "1", "ranking_compact_cars": "69"}
{"date": "2020-05", "monthly_sales": "599", "share_manufacturers": "100.00%", "sales_ranking_month": "306", "maker_ranking": "1", "ranking_compact_cars": "58"}
{"date": "2020-04", "monthly_sales": "606", "share_manufacturers": "100.00%", "sales_ranking_month": "291", "maker_ranking": "1", "ranking_compact_cars": "59"}
{"date": "2020-03", "monthly_sales": "221", "share_manufacturers": "100.00%", "sales_ranking_month": "335", "maker_ranking": "1", "ranking_compact_cars": "64"}
{"date": "2020-02", "monthly_sales": "--", "share_manufacturers": "--", "sales_ranking_month": "--", "maker_ranking": "--", "ranking_compact_cars": "--"}
{"date": "2020-01", "monthly_sales": "1236", "share_manufacturers": "100.00%", "sales_ranking_month": "230", "maker_ranking": "1", "ranking_compact_cars": "51"}
{"date": "2019-12", "monthly_sales": "1178", "share_manufacturers": "100.00%", "sales_ranking_month": "287", "maker_ranking": "1", "ranking_compact_cars": "65"}
{"date": "2019-11", "monthly_sales": "865", "share_manufacturers": "100.00%", "sales_ranking_month": "297", "maker_ranking": "1", "ranking_compact_cars": "65"}
