{"date": null, "monthly_sales": null, "share_manufacturers": null, "sales_ranking_month": null, "maker_ranking": null, "ranking_compact_cars": null}
{"date": "2023-03", "monthly_sales": "1496", "share_manufacturers": "4.98%", "sales_ranking_month": "224", "maker_ranking": "7", "ranking_compact_cars": "48"}
{"date": "2023-02", "monthly_sales": "2342", "share_manufacturers": "9.80%", "sales_ranking_month": "156", "maker_ranking": "7", "ranking_compact_cars": "34"}
{"date": "2023-01", "monthly_sales": "2893", "share_manufacturers": "14.69%", "sales_ranking_month": "129", "maker_ranking": "3", "ranking_compact_cars": "31"}
{"date": "2022-12", "monthly_sales": "4619", "share_manufacturers": "12.32%", "sales_ranking_month": "145", "maker_ranking": "4", "ranking_compact_cars": "37"}
{"date": "2022-11", "monthly_sales": "3327", "share_manufacturers": "13.77%", "sales_ranking_month": "168", "maker_ranking": "4", "ranking_compact_cars": "42"}
{"date": "2022-10", "monthly_sales": "3449", "share_manufacturers": "11.45%", "sales_ranking_month": "168", "maker_ranking": "5", "ranking_compact_cars": "41"}
{"date": "2022-09", "monthly_sales": "3118", "share_manufacturers": "9.44%", "sales_ranking_month": "184", "maker_ranking": "6", "ranking_compact_cars": "43"}
{"date": "2022-08", "monthly_sales": "4277", "share_manufacturers": "20.00%", "sales_ranking_month": "142", "maker_ranking": "4", "ranking_compact_cars": "31"}
{"date": "2022-07", "monthly_sales": "3624", "share_manufacturers": "10.88%", "sales_ranking_month": "168", "maker_ranking": "4", "ranking_compact_cars": "38"}
{"date": "2022-06", "monthly_sales": "5069", "share_manufacturers": "16.41%", "sales_ranking_month": "131", "maker_ranking": "4", "ranking_compact_cars": "34"}
{"date": "2022-05", "monthly_sales": "6079", "share_manufacturers": "21.65%", "sales_ranking_month": "86", "maker_ranking": "2", "ranking_compact_cars": "22"}
{"date": "2022-04", "monthly_sales": "2800", "share_manufacturers": "14.04%", "sales_ranking_month": "100", "maker_ranking": "3", "ranking_compact_cars": "27"}
{"date": "2022-03", "monthly_sales": "3002", "share_manufacturers": "10.11%", "sales_ranking_month": "169", "maker_ranking": "5", "ranking_compact_cars": "40"}
{"date": "2022-02", "monthly_sales": "2002", "share_manufacturers": "8.64%", "sales_ranking_month": "181", "maker_ranking": "4", "ranking_compact_cars": "43"}
{"date": "2022-01", "monthly_sales": "4458", "share_manufacturers": "12.20%", "sales_ranking_month": "139", "maker_ranking": "5", "ranking_compact_cars": "31"}
{"date": "2021-12", "monthly_sales": "7110", "share_manufacturers": "22.11%", "sales_ranking_month": "102", "maker_ranking": "1", "ranking_compact_cars": "23"}
{"date": "2021-11", "monthly_sales": "10052", "share_manufacturers": "28.26%", "sales_ranking_month": "66", "maker_ranking": "1", "ranking_compact_cars": "17"}
{"date": "2021-10", "monthly_sales": "10021", "share_manufacturers": "28.38%", "sales_ranking_month": "63", "maker_ranking": "1", "ranking_compact_cars": "17"}
{"date": "2021-09", "monthly_sales": "6153", "share_manufacturers": "26.83%", "sales_ranking_month": "86", "maker_ranking": "2", "ranking_compact_cars": "23"}
{"date": "2021-08", "monthly_sales": "3900", "share_manufacturers": "21.62%", "sales_ranking_month": "119", "maker_ranking": "2", "ranking_compact_cars": "25"}
{"date": "2021-07", "monthly_sales": "5354", "share_manufacturers": "18.32%", "sales_ranking_month": "90", "maker_ranking": "3", "ranking_compact_cars": "22"}
