{"date": null, "monthly_sales": null, "share_manufacturers": null, "sales_ranking_month": null, "maker_ranking": null, "ranking_compact_cars": null}
{"date": "2023-03", "monthly_sales": "5409", "share_manufacturers": "14.14%", "sales_ranking_month": "95", "maker_ranking": "4", "ranking_compact_cars": "24"}
{"date": "2023-02", "monthly_sales": "2923", "share_manufacturers": "8.86%", "sales_ranking_month": "134", "maker_ranking": "4", "ranking_compact_cars": "31"}
{"date": "2023-01", "monthly_sales": "431", "share_manufacturers": "1.23%", "sales_ranking_month": "327", "maker_ranking": "11", "ranking_compact_cars": "66"}
{"date": "2022-12", "monthly_sales": "2799", "share_manufacturers": "5.91%", "sales_ranking_month": "206", "maker_ranking": "7", "ranking_compact_cars": "47"}
{"date": "2022-11", "monthly_sales": "4287", "share_manufacturers": "8.13%", "sales_ranking_month": "138", "maker_ranking": "4", "ranking_compact_cars": "33"}
{"date": "2022-10", "monthly_sales": "3970", "share_manufacturers": "5.57%", "sales_ranking_month": "152", "maker_ranking": "5", "ranking_compact_cars": "38"}
{"date": "2022-09", "monthly_sales": "2906", "share_manufacturers": "4.51%", "sales_ranking_month": "196", "maker_ranking": "5", "ranking_compact_cars": "45"}
{"date": "2022-08", "monthly_sales": "4558", "share_manufacturers": "7.24%", "sales_ranking_month": "135", "maker_ranking": "4", "ranking_compact_cars": "29"}
{"date": "2022-07", "monthly_sales": "4316", "share_manufacturers": "6.16%", "sales_ranking_month": "153", "maker_ranking": "6", "ranking_compact_cars": "33"}
{"date": "2022-06", "monthly_sales": "4416", "share_manufacturers": "5.82%", "sales_ranking_month": "147", "maker_ranking": "6", "ranking_compact_cars": "37"}
{"date": "2022-05", "monthly_sales": "3964", "share_manufacturers": "7.77%", "sales_ranking_month": "123", "maker_ranking": "5", "ranking_compact_cars": "32"}
{"date": "2022-04", "monthly_sales": "482", "share_manufacturers": "2.92%", "sales_ranking_month": "279", "maker_ranking": "7", "ranking_compact_cars": "56"}
{"date": "2022-03", "monthly_sales": "2176", "share_manufacturers": "3.81%", "sales_ranking_month": "204", "maker_ranking": "7", "ranking_compact_cars": "48"}
{"date": "2022-02", "monthly_sales": "1234", "share_manufacturers": "2.93%", "sales_ranking_month": "234", "maker_ranking": "6", "ranking_compact_cars": "56"}
{"date": "2022-01", "monthly_sales": "3652", "share_manufacturers": "5.89%", "sales_ranking_month": "163", "maker_ranking": "7", "ranking_compact_cars": "38"}
{"date": "2021-12", "monthly_sales": "4710", "share_manufacturers": "5.19%", "sales_ranking_month": "148", "maker_ranking": "6", "ranking_compact_cars": "32"}
{"date": "2021-11", "monthly_sales": "2852", "share_manufacturers": "3.52%", "sales_ranking_month": "193", "maker_ranking": "7", "ranking_compact_cars": "38"}
{"date": "2021-10", "monthly_sales": "454", "share_manufacturers": "0.55%", "sales_ranking_month": "362", "maker_ranking": "10", "ranking_compact_cars": "63"}
{"date": "2021-09", "monthly_sales": "1770", "share_manufacturers": "2.10%", "sales_ranking_month": "211", "maker_ranking": "8", "ranking_compact_cars": "42"}
{"date": "2021-08", "monthly_sales": "1589", "share_manufacturers": "2.47%", "sales_ranking_month": "210", "maker_ranking": "8", "ranking_compact_cars": "45"}
{"date": "2021-07", "monthly_sales": "1620", "share_manufacturers": "2.78%", "sales_ranking_month": "209", "maker_ranking": "6", "ranking_compact_cars": "44"}
{"date": "2021-06", "monthly_sales": "2019", "share_manufacturers": "4.64%", "sales_ranking_month": "189", "maker_ranking": "6", "ranking_compact_cars": "37"}
{"date": "2021-05", "monthly_sales": "1763", "share_manufacturers": "4.33%", "sales_ranking_month": "201", "maker_ranking": "7", "ranking_compact_cars": "37"}
{"date": "2021-04", "monthly_sales": "1666", "share_manufacturers": "4.03%", "sales_ranking_month": "205", "maker_ranking": "7", "ranking_compact_cars": "39"}
{"date": "2021-03", "monthly_sales": "1514", "share_manufacturers": "2.03%", "sales_ranking_month": "225", "maker_ranking": "7", "ranking_compact_cars": "39"}
{"date": "2021-02", "monthly_sales": "486", "share_manufacturers": "1.04%", "sales_ranking_month": "263", "maker_ranking": "8", "ranking_compact_cars": "47"}
{"date": "2021-01", "monthly_sales": "2400", "share_manufacturers": "3.13%", "sales_ranking_month": "177", "maker_ranking": "8", "ranking_compact_cars": "32"}
{"date": "2020-12", "monthly_sales": "1750", "share_manufacturers": "1.53%", "sales_ranking_month": "259", "maker_ranking": "11", "ranking_compact_cars": "52"}
{"date": "2020-11", "monthly_sales": "1259", "share_manufacturers": "1.27%", "sales_ranking_month": "274", "maker_ranking": "9", "ranking_compact_cars": "53"}
{"date": "2020-10", "monthly_sales": "613", "share_manufacturers": "0.69%", "sales_ranking_month": "335", "maker_ranking": "12", "ranking_compact_cars": "65"}
{"date": "2020-09", "monthly_sales": "1357", "share_manufacturers": "1.55%", "sales_ranking_month": "255", "maker_ranking": "11", "ranking_compact_cars": "54"}
{"date": "2020-08", "monthly_sales": "304", "share_manufacturers": "0.35%", "sales_ranking_month": "356", "maker_ranking": "11", "ranking_compact_cars": "67"}
{"date": "2020-07", "monthly_sales": "521", "share_manufacturers": "0.68%", "sales_ranking_month": "326", "maker_ranking": "12", "ranking_compact_cars": "66"}
{"date": "2020-06", "monthly_sales": "792", "share_manufacturers": "1.05%", "sales_ranking_month": "289", "maker_ranking": "10", "ranking_compact_cars": "56"}
{"date": "2020-05", "monthly_sales": "3526", "share_manufacturers": "4.32%", "sales_ranking_month": "132", "maker_ranking": "7", "ranking_compact_cars": "34"}
{"date": "2020-04", "monthly_sales": "1298", "share_manufacturers": "2.00%", "sales_ranking_month": "222", "maker_ranking": "8", "ranking_compact_cars": "48"}
{"date": "2020-03", "monthly_sales": "--", "share_manufacturers": "--", "sales_ranking_month": "--", "maker_ranking": "--", "ranking_compact_cars": "--"}
