{"date": null, "monthly_sales": null, "share_manufacturers": null, "sales_ranking_month": null, "maker_ranking": null, "ranking_compact_cars": null}
{"date": "2023-03", "monthly_sales": "5603", "share_manufacturers": "14.12%", "sales_ranking_month": "89", "maker_ranking": "4", "ranking_compact_cars": "21"}
{"date": "2023-02", "monthly_sales": "10536", "share_manufacturers": "27.96%", "sales_ranking_month": "28", "maker_ranking": "2", "ranking_compact_cars": "8"}
{"date": "2023-01", "monthly_sales": "6645", "share_manufacturers": "28.02%", "sales_ranking_month": "57", "maker_ranking": "2", "ranking_compact_cars": "16"}
{"date": "2022-12", "monthly_sales": "19254", "share_manufacturers": "31.60%", "sales_ranking_month": "20", "maker_ranking": "2", "ranking_compact_cars": "7"}
{"date": "2022-11", "monthly_sales": "10151", "share_manufacturers": "27.92%", "sales_ranking_month": "52", "maker_ranking": "2", "ranking_compact_cars": "13"}
{"date": "2022-10", "monthly_sales": "14066", "share_manufacturers": "28.52%", "sales_ranking_month": "39", "maker_ranking": "2", "ranking_compact_cars": "13"}
{"date": "2022-09", "monthly_sales": "9752", "share_manufacturers": "22.57%", "sales_ranking_month": "69", "maker_ranking": "2", "ranking_compact_cars": "16"}
{"date": "2022-08", "monthly_sales": "12781", "share_manufacturers": "27.12%", "sales_ranking_month": "49", "maker_ranking": "2", "ranking_compact_cars": "12"}
{"date": "2022-07", "monthly_sales": "16800", "share_manufacturers": "21.47%", "sales_ranking_month": "26", "maker_ranking": "2", "ranking_compact_cars": "8"}
{"date": "2022-06", "monthly_sales": "15473", "share_manufacturers": "20.71%", "sales_ranking_month": "34", "maker_ranking": "2", "ranking_compact_cars": "9"}
{"date": "2022-05", "monthly_sales": "8870", "share_manufacturers": "24.79%", "sales_ranking_month": "55", "maker_ranking": "3", "ranking_compact_cars": "16"}
{"date": "2022-04", "monthly_sales": "5888", "share_manufacturers": "36.01%", "sales_ranking_month": "41", "maker_ranking": "1", "ranking_compact_cars": "10"}
{"date": "2022-03", "monthly_sales": "17456", "share_manufacturers": "24.56%", "sales_ranking_month": "17", "maker_ranking": "2", "ranking_compact_cars": "7"}
{"date": "2022-02", "monthly_sales": "9776", "share_manufacturers": "16.58%", "sales_ranking_month": "45", "maker_ranking": "3", "ranking_compact_cars": "12"}
{"date": "2022-01", "monthly_sales": "16019", "share_manufacturers": "20.83%", "sales_ranking_month": "36", "maker_ranking": "3", "ranking_compact_cars": "9"}
{"date": "2021-12", "monthly_sales": "16325", "share_manufacturers": "21.97%", "sales_ranking_month": "38", "maker_ranking": "3", "ranking_compact_cars": "14"}
{"date": "2021-11", "monthly_sales": "27368", "share_manufacturers": "32.54%", "sales_ranking_month": "8", "maker_ranking": "1", "ranking_compact_cars": "5"}
{"date": "2021-10", "monthly_sales": "18416", "share_manufacturers": "28.15%", "sales_ranking_month": "18", "maker_ranking": "1", "ranking_compact_cars": "9"}
{"date": "2021-09", "monthly_sales": "14679", "share_manufacturers": "22.56%", "sales_ranking_month": "21", "maker_ranking": "2", "ranking_compact_cars": "7"}
{"date": "2021-08", "monthly_sales": "7230", "share_manufacturers": "18.03%", "sales_ranking_month": "66", "maker_ranking": "2", "ranking_compact_cars": "19"}
{"date": "2021-07", "monthly_sales": "7836", "share_manufacturers": "18.87%", "sales_ranking_month": "51", "maker_ranking": "2", "ranking_compact_cars": "13"}
{"date": "2021-06", "monthly_sales": "4015", "share_manufacturers": "8.07%", "sales_ranking_month": "113", "maker_ranking": "4", "ranking_compact_cars": "24"}
{"date": "2021-05", "monthly_sales": "4015", "share_manufacturers": "8.07%", "sales_ranking_month": "120", "maker_ranking": "4", "ranking_compact_cars": "27"}
{"date": "2021-04", "monthly_sales": "21548", "share_manufacturers": "29.10%", "sales_ranking_month": "10", "maker_ranking": "2", "ranking_compact_cars": "4"}
{"date": "2021-03", "monthly_sales": "12100", "share_manufacturers": "14.39%", "sales_ranking_month": "40", "maker_ranking": "3", "ranking_compact_cars": "12"}
{"date": "2021-02", "monthly_sales": "7168", "share_manufacturers": "15.32%", "sales_ranking_month": "48", "maker_ranking": "3", "ranking_compact_cars": "12"}
{"date": "2021-01", "monthly_sales": "13525", "share_manufacturers": "19.05%", "sales_ranking_month": "46", "maker_ranking": "3", "ranking_compact_cars": "13"}
{"date": "2020-12", "monthly_sales": "23329", "share_manufacturers": "20.59%", "sales_ranking_month": "13", "maker_ranking": "3", "ranking_compact_cars": "7"}
{"date": "2020-11", "monthly_sales": "28068", "share_manufacturers": "29.55%", "sales_ranking_month": "11", "maker_ranking": "2", "ranking_compact_cars": "7"}
{"date": "2020-10", "monthly_sales": "17979", "share_manufacturers": "20.87%", "sales_ranking_month": "20", "maker_ranking": "2", "ranking_compact_cars": "9"}
{"date": "2020-09", "monthly_sales": "19020", "share_manufacturers": "20.06%", "sales_ranking_month": "21", "maker_ranking": "3", "ranking_compact_cars": "10"}
{"date": "2020-08", "monthly_sales": "22749", "share_manufacturers": "30.74%", "sales_ranking_month": "9", "maker_ranking": "1", "ranking_compact_cars": "7"}
{"date": "2020-07", "monthly_sales": "26240", "share_manufacturers": "32.59%", "sales_ranking_month": "4", "maker_ranking": "1", "ranking_compact_cars": "4"}
{"date": "2020-06", "monthly_sales": "26696", "share_manufacturers": "35.08%", "sales_ranking_month": "4", "maker_ranking": "1", "ranking_compact_cars": "4"}
{"date": "2020-05", "monthly_sales": "26521", "share_manufacturers": "36.42%", "sales_ranking_month": "6", "maker_ranking": "1", "ranking_compact_cars": "6"}
{"date": "2020-04", "monthly_sales": "24556", "share_manufacturers": "33.26%", "sales_ranking_month": "5", "maker_ranking": "1", "ranking_compact_cars": "5"}
{"date": "2020-03", "monthly_sales": "2967", "share_manufacturers": "29.63%", "sales_ranking_month": "100", "maker_ranking": "1", "ranking_compact_cars": "26"}
{"date": "2020-02", "monthly_sales": "--", "share_manufacturers": "--", "sales_ranking_month": "--", "maker_ranking": "--", "ranking_compact_cars": "--"}
{"date": "2020-01", "monthly_sales": "16354", "share_manufacturers": "24.32%", "sales_ranking_month": "16", "maker_ranking": "2", "ranking_compact_cars": "10"}
{"date": "2019-12", "monthly_sales": "19031", "share_manufacturers": "27.19%", "sales_ranking_month": "21", "maker_ranking": "2", "ranking_compact_cars": "11"}
{"date": "2019-11", "monthly_sales": "21722", "share_manufacturers": "26.92%", "sales_ranking_month": "15", "maker_ranking": "2", "ranking_compact_cars": "8"}
{"date": "2019-10", "monthly_sales": "23078", "share_manufacturers": "31.17%", "sales_ranking_month": "10", "maker_ranking": "1", "ranking_compact_cars": "6"}
{"date": "2019-09", "monthly_sales": "22260", "share_manufacturers": "28.72%", "sales_ranking_month": "10", "maker_ranking": "1", "ranking_compact_cars": "8"}
{"date": "2019-08", "monthly_sales": "20378", "share_manufacturers": "33.84%", "sales_ranking_month": "10", "maker_ranking": "1", "ranking_compact_cars": "8"}
{"date": "2019-07", "monthly_sales": "25229", "share_manufacturers": "34.09%", "sales_ranking_month": "5", "maker_ranking": "1", "ranking_compact_cars": "5"}
{"date": "2019-06", "monthly_sales": "23641", "share_manufacturers": "35.71%", "sales_ranking_month": "7", "maker_ranking": "1", "ranking_compact_cars": "6"}
{"date": "2019-05", "monthly_sales": "16007", "share_manufacturers": "25.39%", "sales_ranking_month": "14", "maker_ranking": "2", "ranking_compact_cars": "8"}
{"date": "2019-04", "monthly_sales": "13182", "share_manufacturers": "21.26%", "sales_ranking_month": "20", "maker_ranking": "2", "ranking_compact_cars": "9"}
{"date": "2019-03", "monthly_sales": "21089", "share_manufacturers": "28.68%", "sales_ranking_month": "12", "maker_ranking": "1", "ranking_compact_cars": "8"}
{"date": "2019-02", "monthly_sales": "13975", "share_manufacturers": "42.27%", "sales_ranking_month": "11", "maker_ranking": "1", "ranking_compact_cars": "8"}
