{"date": null, "monthly_sales": null, "share_manufacturers": null, "sales_ranking_month": null, "maker_ranking": null, "ranking_compact_cars": null}
{"date": "2023-03", "monthly_sales": "2923", "share_manufacturers": "35.33%", "sales_ranking_month": "147", "maker_ranking": "2", "ranking_compact_cars": "34"}
{"date": "2023-02", "monthly_sales": "2603", "share_manufacturers": "37.77%", "sales_ranking_month": "145", "maker_ranking": "2", "ranking_compact_cars": "33"}
{"date": "2023-01", "monthly_sales": "2402", "share_manufacturers": "50.89%", "sales_ranking_month": "144", "maker_ranking": "1", "ranking_compact_cars": "35"}
{"date": "2022-12", "monthly_sales": "4477", "share_manufacturers": "29.13%", "sales_ranking_month": "148", "maker_ranking": "2", "ranking_compact_cars": "38"}
{"date": "2022-11", "monthly_sales": "3447", "share_manufacturers": "30.72%", "sales_ranking_month": "165", "maker_ranking": "2", "ranking_compact_cars": "40"}
{"date": "2021-12", "monthly_sales": "--", "share_manufacturers": "--", "sales_ranking_month": "--", "maker_ranking": "--", "ranking_compact_cars": "--"}
{"date": "2021-11", "monthly_sales": "1430", "share_manufacturers": "10.10%", "sales_ranking_month": "276", "maker_ranking": "5", "ranking_compact_cars": "54"}
{"date": "2021-10", "monthly_sales": "656", "share_manufacturers": "6.72%", "sales_ranking_month": "337", "maker_ranking": "4", "ranking_compact_cars": "59"}
{"date": "2021-09", "monthly_sales": "901", "share_manufacturers": "8.02%", "sales_ranking_month": "281", "maker_ranking": "4", "ranking_compact_cars": "52"}
{"date": "2021-08", "monthly_sales": "842", "share_manufacturers": "7.76%", "sales_ranking_month": "285", "maker_ranking": "4", "ranking_compact_cars": "60"}
{"date": "2021-07", "monthly_sales": "2348", "share_manufacturers": "20.02%", "sales_ranking_month": "167", "maker_ranking": "3", "ranking_compact_cars": "38"}
{"date": "2021-06", "monthly_sales": "544", "share_manufacturers": "6.28%", "sales_ranking_month": "310", "maker_ranking": "4", "ranking_compact_cars": "60"}
{"date": "2021-05", "monthly_sales": "952", "share_manufacturers": "10.58%", "sales_ranking_month": "264", "maker_ranking": "3", "ranking_compact_cars": "48"}
{"date": "2021-04", "monthly_sales": "2437", "share_manufacturers": "22.89%", "sales_ranking_month": "167", "maker_ranking": "2", "ranking_compact_cars": "33"}
{"date": "2021-03", "monthly_sales": "2002", "share_manufacturers": "26.80%", "sales_ranking_month": "187", "maker_ranking": "2", "ranking_compact_cars": "35"}
{"date": "2021-02", "monthly_sales": "1519", "share_manufacturers": "56.51%", "sales_ranking_month": "159", "maker_ranking": "1", "ranking_compact_cars": "30"}
{"date": "2021-01", "monthly_sales": "2763", "share_manufacturers": "100.00%", "sales_ranking_month": "160", "maker_ranking": "1", "ranking_compact_cars": "30"}
{"date": "2020-12", "monthly_sales": "1703", "share_manufacturers": "100.00%", "sales_ranking_month": "264", "maker_ranking": "1", "ranking_compact_cars": "53"}
{"date": "2020-11", "monthly_sales": "1841", "share_manufacturers": "100.00%", "sales_ranking_month": "242", "maker_ranking": "2", "ranking_compact_cars": "49"}
