{"date": null, "monthly_sales": null, "share_manufacturers": null, "sales_ranking_month": null, "maker_ranking": null, "ranking_compact_cars": null}
{"date": "2023-03", "monthly_sales": "2770", "share_manufacturers": "11.78%", "sales_ranking_month": "154", "maker_ranking": "4", "ranking_compact_cars": "37"}
{"date": "2023-02", "monthly_sales": "1572", "share_manufacturers": "9.52%", "sales_ranking_month": "207", "maker_ranking": "4", "ranking_compact_cars": "45"}
{"date": "2023-01", "monthly_sales": "888", "share_manufacturers": "4.42%", "sales_ranking_month": "258", "maker_ranking": "5", "ranking_compact_cars": "56"}
{"date": "2022-12", "monthly_sales": "1816", "share_manufacturers": "7.25%", "sales_ranking_month": "251", "maker_ranking": "4", "ranking_compact_cars": "54"}
{"date": "2022-11", "monthly_sales": "1441", "share_manufacturers": "6.69%", "sales_ranking_month": "271", "maker_ranking": "4", "ranking_compact_cars": "59"}
{"date": "2022-10", "monthly_sales": "1730", "share_manufacturers": "6.52%", "sales_ranking_month": "246", "maker_ranking": "4", "ranking_compact_cars": "53"}
{"date": "2022-09", "monthly_sales": "2164", "share_manufacturers": "6.56%", "sales_ranking_month": "231", "maker_ranking": "4", "ranking_compact_cars": "53"}
{"date": "2022-08", "monthly_sales": "948", "share_manufacturers": "1.93%", "sales_ranking_month": "296", "maker_ranking": "5", "ranking_compact_cars": "59"}
{"date": "2022-07", "monthly_sales": "2893", "share_manufacturers": "12.04%", "sales_ranking_month": "191", "maker_ranking": "3", "ranking_compact_cars": "43"}
{"date": "2022-06", "monthly_sales": "1436", "share_manufacturers": "7.94%", "sales_ranking_month": "268", "maker_ranking": "4", "ranking_compact_cars": "54"}
{"date": "2022-05", "monthly_sales": "1268", "share_manufacturers": "15.03%", "sales_ranking_month": "243", "maker_ranking": "3", "ranking_compact_cars": "53"}
{"date": "2022-04", "monthly_sales": "1418", "share_manufacturers": "14.16%", "sales_ranking_month": "163", "maker_ranking": "3", "ranking_compact_cars": "44"}
{"date": "2022-03", "monthly_sales": "3217", "share_manufacturers": "18.81%", "sales_ranking_month": "153", "maker_ranking": "4", "ranking_compact_cars": "35"}
{"date": "2022-02", "monthly_sales": "3332", "share_manufacturers": "20.25%", "sales_ranking_month": "128", "maker_ranking": "4", "ranking_compact_cars": "30"}
{"date": "2022-01", "monthly_sales": "3599", "share_manufacturers": "14.96%", "sales_ranking_month": "165", "maker_ranking": "4", "ranking_compact_cars": "39"}
{"date": "2021-12", "monthly_sales": "2917", "share_manufacturers": "7.23%", "sales_ranking_month": "206", "maker_ranking": "4", "ranking_compact_cars": "42"}
{"date": "2021-11", "monthly_sales": "1652", "share_manufacturers": "4.96%", "sales_ranking_month": "256", "maker_ranking": "5", "ranking_compact_cars": "53"}
{"date": "2021-10", "monthly_sales": "743", "share_manufacturers": "2.88%", "sales_ranking_month": "322", "maker_ranking": "8", "ranking_compact_cars": "56"}
{"date": "2021-09", "monthly_sales": "2090", "share_manufacturers": "10.78%", "sales_ranking_month": "191", "maker_ranking": "3", "ranking_compact_cars": "37"}
{"date": "2021-08", "monthly_sales": "2386", "share_manufacturers": "8.42%", "sales_ranking_month": "167", "maker_ranking": "3", "ranking_compact_cars": "36"}
{"date": "2021-07", "monthly_sales": "3861", "share_manufacturers": "16.12%", "sales_ranking_month": "126", "maker_ranking": "3", "ranking_compact_cars": "29"}
{"date": "2021-06", "monthly_sales": "3366", "share_manufacturers": "10.47%", "sales_ranking_month": "134", "maker_ranking": "3", "ranking_compact_cars": "30"}
{"date": "2021-05", "monthly_sales": "3398", "share_manufacturers": "9.91%", "sales_ranking_month": "140", "maker_ranking": "3", "ranking_compact_cars": "28"}
{"date": "2021-04", "monthly_sales": "4002", "share_manufacturers": "12.77%", "sales_ranking_month": "128", "maker_ranking": "3", "ranking_compact_cars": "27"}
{"date": "2021-03", "monthly_sales": "3016", "share_manufacturers": "8.14%", "sales_ranking_month": "151", "maker_ranking": "4", "ranking_compact_cars": "29"}
{"date": "2021-02", "monthly_sales": "1710", "share_manufacturers": "8.96%", "sales_ranking_month": "143", "maker_ranking": "3", "ranking_compact_cars": "27"}
{"date": "2021-01", "monthly_sales": "2855", "share_manufacturers": "7.10%", "sales_ranking_month": "153", "maker_ranking": "3", "ranking_compact_cars": "28"}
{"date": "2020-12", "monthly_sales": "6977", "share_manufacturers": "13.59%", "sales_ranking_month": "89", "maker_ranking": "2", "ranking_compact_cars": "23"}
{"date": "2020-11", "monthly_sales": "10890", "share_manufacturers": "22.08%", "sales_ranking_month": "61", "maker_ranking": "2", "ranking_compact_cars": "15"}
{"date": "2020-10", "monthly_sales": "7439", "share_manufacturers": "17.46%", "sales_ranking_month": "78", "maker_ranking": "2", "ranking_compact_cars": "19"}
{"date": "2020-09", "monthly_sales": "6980", "share_manufacturers": "24.41%", "sales_ranking_month": "82", "maker_ranking": "2", "ranking_compact_cars": "21"}
{"date": "2020-08", "monthly_sales": "2263", "share_manufacturers": "7.53%", "sales_ranking_month": "175", "maker_ranking": "4", "ranking_compact_cars": "36"}
{"date": "2020-07", "monthly_sales": "5475", "share_manufacturers": "19.46%", "sales_ranking_month": "91", "maker_ranking": "2", "ranking_compact_cars": "20"}
{"date": "2020-06", "monthly_sales": "12368", "share_manufacturers": "21.53%", "sales_ranking_month": "41", "maker_ranking": "1", "ranking_compact_cars": "14"}
{"date": "2020-05", "monthly_sales": "5398", "share_manufacturers": "14.54%", "sales_ranking_month": "88", "maker_ranking": "2", "ranking_compact_cars": "22"}
{"date": "2020-04", "monthly_sales": "5212", "share_manufacturers": "16.68%", "sales_ranking_month": "89", "maker_ranking": "2", "ranking_compact_cars": "25"}
{"date": "2020-03", "monthly_sales": "8404", "share_manufacturers": "20.11%", "sales_ranking_month": "29", "maker_ranking": "1", "ranking_compact_cars": "10"}
{"date": "2020-02", "monthly_sales": "100", "share_manufacturers": "5.90%", "sales_ranking_month": "248", "maker_ranking": "5", "ranking_compact_cars": "53"}
{"date": "2020-01", "monthly_sales": "2715", "share_manufacturers": "7.87%", "sales_ranking_month": "153", "maker_ranking": "6", "ranking_compact_cars": "42"}
{"date": "2019-12", "monthly_sales": "19550", "share_manufacturers": "16.82%", "sales_ranking_month": "17", "maker_ranking": "2", "ranking_compact_cars": "10"}
{"date": "2019-11", "monthly_sales": "9746", "share_manufacturers": "15.19%", "sales_ranking_month": "70", "maker_ranking": "2", "ranking_compact_cars": "19"}
{"date": "2019-10", "monthly_sales": "10640", "share_manufacturers": "17.07%", "sales_ranking_month": "54", "maker_ranking": "2", "ranking_compact_cars": "16"}
{"date": "2019-09", "monthly_sales": "8524", "share_manufacturers": "12.45%", "sales_ranking_month": "71", "maker_ranking": "4", "ranking_compact_cars": "24"}
{"date": "2019-08", "monthly_sales": "9619", "share_manufacturers": "18.24%", "sales_ranking_month": "52", "maker_ranking": "2", "ranking_compact_cars": "15"}
{"date": "2019-07", "monthly_sales": "6969", "share_manufacturers": "17.52%", "sales_ranking_month": "66", "maker_ranking": "2", "ranking_compact_cars": "21"}
{"date": "2019-06", "monthly_sales": "8313", "share_manufacturers": "13.18%", "sales_ranking_month": "61", "maker_ranking": "3", "ranking_compact_cars": "18"}
{"date": "2019-05", "monthly_sales": "5460", "share_manufacturers": "14.66%", "sales_ranking_month": "88", "maker_ranking": "3", "ranking_compact_cars": "29"}
{"date": "2019-04", "monthly_sales": "6629", "share_manufacturers": "12.99%", "sales_ranking_month": "75", "maker_ranking": "3", "ranking_compact_cars": "23"}
{"date": "2019-03", "monthly_sales": "7532", "share_manufacturers": "9.93%", "sales_ranking_month": "91", "maker_ranking": "4", "ranking_compact_cars": "29"}
{"date": "2019-02", "monthly_sales": "3781", "share_manufacturers": "9.77%", "sales_ranking_month": "103", "maker_ranking": "4", "ranking_compact_cars": "31"}
