{"date": null, "monthly_sales": null, "share_manufacturers": null, "sales_ranking_month": null, "maker_ranking": null, "ranking_compact_cars": null}
{"date": "2023-03", "monthly_sales": "5635", "share_manufacturers": "40.25%", "sales_ranking_month": "87", "maker_ranking": "2", "ranking_compact_cars": "20"}
{"date": "2023-02", "monthly_sales": "3740", "share_manufacturers": "34.00%", "sales_ranking_month": "111", "maker_ranking": "2", "ranking_compact_cars": "26"}
{"date": "2023-01", "monthly_sales": "1986", "share_manufacturers": "18.86%", "sales_ranking_month": "165", "maker_ranking": "3", "ranking_compact_cars": "40"}
{"date": "2022-12", "monthly_sales": "2444", "share_manufacturers": "29.44%", "sales_ranking_month": "221", "maker_ranking": "2", "ranking_compact_cars": "50"}
{"date": "2022-11", "monthly_sales": "3764", "share_manufacturers": "35.18%", "sales_ranking_month": "154", "maker_ranking": "2", "ranking_compact_cars": "36"}
{"date": "2022-10", "monthly_sales": "3651", "share_manufacturers": "35.45%", "sales_ranking_month": "161", "maker_ranking": "2", "ranking_compact_cars": "40"}
{"date": "2022-09", "monthly_sales": "6345", "share_manufacturers": "31.41%", "sales_ranking_month": "114", "maker_ranking": "2", "ranking_compact_cars": "25"}
{"date": "2022-08", "monthly_sales": "4538", "share_manufacturers": "47.49%", "sales_ranking_month": "136", "maker_ranking": "1", "ranking_compact_cars": "30"}
{"date": "2022-07", "monthly_sales": "2546", "share_manufacturers": "25.46%", "sales_ranking_month": "202", "maker_ranking": "2", "ranking_compact_cars": "45"}
{"date": "2022-06", "monthly_sales": "6375", "share_manufacturers": "39.35%", "sales_ranking_month": "112", "maker_ranking": "2", "ranking_compact_cars": "29"}
{"date": "2022-05", "monthly_sales": "4911", "share_manufacturers": "41.49%", "sales_ranking_month": "101", "maker_ranking": "2", "ranking_compact_cars": "24"}
{"date": "2022-04", "monthly_sales": "2164", "share_manufacturers": "54.01%", "sales_ranking_month": "118", "maker_ranking": "1", "ranking_compact_cars": "33"}
{"date": "2022-03", "monthly_sales": "5133", "share_manufacturers": "36.09%", "sales_ranking_month": "110", "maker_ranking": "2", "ranking_compact_cars": "26"}
{"date": "2022-02", "monthly_sales": "3946", "share_manufacturers": "26.00%", "sales_ranking_month": "107", "maker_ranking": "2", "ranking_compact_cars": "25"}
{"date": "2022-01", "monthly_sales": "4328", "share_manufacturers": "25.80%", "sales_ranking_month": "142", "maker_ranking": "2", "ranking_compact_cars": "32"}
{"date": "2021-12", "monthly_sales": "6209", "share_manufacturers": "30.93%", "sales_ranking_month": "118", "maker_ranking": "2", "ranking_compact_cars": "26"}
{"date": "2021-11", "monthly_sales": "4351", "share_manufacturers": "29.00%", "sales_ranking_month": "145", "maker_ranking": "2", "ranking_compact_cars": "30"}
{"date": "2021-10", "monthly_sales": "4039", "share_manufacturers": "25.03%", "sales_ranking_month": "145", "maker_ranking": "3", "ranking_compact_cars": "31"}
{"date": "2021-09", "monthly_sales": "4284", "share_manufacturers": "23.95%", "sales_ranking_month": "127", "maker_ranking": "3", "ranking_compact_cars": "28"}
{"date": "2021-08", "monthly_sales": "4554", "share_manufacturers": "31.88%", "sales_ranking_month": "101", "maker_ranking": "2", "ranking_compact_cars": "23"}
{"date": "2021-07", "monthly_sales": "3146", "share_manufacturers": "34.19%", "sales_ranking_month": "146", "maker_ranking": "2", "ranking_compact_cars": "33"}
{"date": "2021-06", "monthly_sales": "5510", "share_manufacturers": "38.64%", "sales_ranking_month": "91", "maker_ranking": "2", "ranking_compact_cars": "22"}
{"date": "2021-05", "monthly_sales": "5619", "share_manufacturers": "37.40%", "sales_ranking_month": "91", "maker_ranking": "2", "ranking_compact_cars": "19"}
{"date": "2021-04", "monthly_sales": "5936", "share_manufacturers": "37.05%", "sales_ranking_month": "87", "maker_ranking": "2", "ranking_compact_cars": "19"}
{"date": "2021-03", "monthly_sales": "5082", "share_manufacturers": "28.46%", "sales_ranking_month": "101", "maker_ranking": "2", "ranking_compact_cars": "24"}
{"date": "2021-02", "monthly_sales": "2432", "share_manufacturers": "30.71%", "sales_ranking_month": "111", "maker_ranking": "2", "ranking_compact_cars": "23"}
{"date": "2021-01", "monthly_sales": "3601", "share_manufacturers": "24.95%", "sales_ranking_month": "136", "maker_ranking": "3", "ranking_compact_cars": "26"}
{"date": "2020-12", "monthly_sales": "2810", "share_manufacturers": "26.99%", "sales_ranking_month": "200", "maker_ranking": "3", "ranking_compact_cars": "41"}
{"date": "2020-11", "monthly_sales": "4065", "share_manufacturers": "25.94%", "sales_ranking_month": "142", "maker_ranking": "2", "ranking_compact_cars": "32"}
{"date": "2020-10", "monthly_sales": "3224", "share_manufacturers": "20.76%", "sales_ranking_month": "165", "maker_ranking": "3", "ranking_compact_cars": "35"}
{"date": "2020-09", "monthly_sales": "4510", "share_manufacturers": "29.99%", "sales_ranking_month": "121", "maker_ranking": "2", "ranking_compact_cars": "30"}
{"date": "2020-08", "monthly_sales": "3525", "share_manufacturers": "26.93%", "sales_ranking_month": "127", "maker_ranking": "2", "ranking_compact_cars": "29"}
{"date": "2020-07", "monthly_sales": "3851", "share_manufacturers": "34.66%", "sales_ranking_month": "116", "maker_ranking": "2", "ranking_compact_cars": "30"}
{"date": "2020-06", "monthly_sales": "4628", "share_manufacturers": "30.00%", "sales_ranking_month": "112", "maker_ranking": "2", "ranking_compact_cars": "29"}
{"date": "2020-05", "monthly_sales": "4276", "share_manufacturers": "25.43%", "sales_ranking_month": "111", "maker_ranking": "3", "ranking_compact_cars": "29"}
{"date": "2020-04", "monthly_sales": "4053", "share_manufacturers": "28.12%", "sales_ranking_month": "106", "maker_ranking": "3", "ranking_compact_cars": "29"}
{"date": "2020-03", "monthly_sales": "2606", "share_manufacturers": "25.46%", "sales_ranking_month": "111", "maker_ranking": "3", "ranking_compact_cars": "31"}
{"date": "2020-02", "monthly_sales": "750", "share_manufacturers": "14.38%", "sales_ranking_month": "89", "maker_ranking": "3", "ranking_compact_cars": "24"}
{"date": "2020-01", "monthly_sales": "4078", "share_manufacturers": "24.12%", "sales_ranking_month": "113", "maker_ranking": "2", "ranking_compact_cars": "30"}
