{"date": null, "monthly_sales": null, "share_manufacturers": null, "sales_ranking_month": null, "maker_ranking": null, "ranking_compact_cars": null}
{"date": "2023-03", "monthly_sales": "445", "share_manufacturers": "22.22%", "sales_ranking_month": "369", "maker_ranking": "3", "ranking_compact_cars": "66"}
{"date": "2023-02", "monthly_sales": "392", "share_manufacturers": "19.60%", "sales_ranking_month": "362", "maker_ranking": "3", "ranking_compact_cars": "69"}
{"date": "2023-01", "monthly_sales": "414", "share_manufacturers": "20.70%", "sales_ranking_month": "331", "maker_ranking": "2", "ranking_compact_cars": "67"}
{"date": "2022-12", "monthly_sales": "444", "share_manufacturers": "22.97%", "sales_ranking_month": "388", "maker_ranking": "1", "ranking_compact_cars": "72"}
{"date": "2022-11", "monthly_sales": "511", "share_manufacturers": "25.55%", "sales_ranking_month": "362", "maker_ranking": "2", "ranking_compact_cars": "71"}
{"date": "2022-10", "monthly_sales": "523", "share_manufacturers": "20.12%", "sales_ranking_month": "360", "maker_ranking": "3", "ranking_compact_cars": "68"}
{"date": "2022-09", "monthly_sales": "815", "share_manufacturers": "20.36%", "sales_ranking_month": "344", "maker_ranking": "2", "ranking_compact_cars": "66"}
{"date": "2022-08", "monthly_sales": "1244", "share_manufacturers": "17.11%", "sales_ranking_month": "267", "maker_ranking": "2", "ranking_compact_cars": "52"}
{"date": "2022-07", "monthly_sales": "601", "share_manufacturers": "16.65%", "sales_ranking_month": "353", "maker_ranking": "3", "ranking_compact_cars": "70"}
{"date": "2022-06", "monthly_sales": "666", "share_manufacturers": "20.18%", "sales_ranking_month": "338", "maker_ranking": "2", "ranking_compact_cars": "70"}
{"date": "2022-05", "monthly_sales": "782", "share_manufacturers": "23.81%", "sales_ranking_month": "295", "maker_ranking": "2", "ranking_compact_cars": "61"}
{"date": "2022-04", "monthly_sales": "165", "share_manufacturers": "13.75%", "sales_ranking_month": "380", "maker_ranking": "4", "ranking_compact_cars": "73"}
{"date": "2022-03", "monthly_sales": "1404", "share_manufacturers": "25.52%", "sales_ranking_month": "252", "maker_ranking": "2", "ranking_compact_cars": "56"}
{"date": "2022-02", "monthly_sales": "1742", "share_manufacturers": "40.80%", "sales_ranking_month": "194", "maker_ranking": "1", "ranking_compact_cars": "46"}
{"date": "2022-01", "monthly_sales": "1062", "share_manufacturers": "18.31%", "sales_ranking_month": "291", "maker_ranking": "3", "ranking_compact_cars": "59"}
{"date": "2021-12", "monthly_sales": "2397", "share_manufacturers": "42.02%", "sales_ranking_month": "236", "maker_ranking": "1", "ranking_compact_cars": "46"}
{"date": "2021-11", "monthly_sales": "2282", "share_manufacturers": "29.26%", "sales_ranking_month": "216", "maker_ranking": "1", "ranking_compact_cars": "44"}
{"date": "2021-10", "monthly_sales": "1850", "share_manufacturers": "24.34%", "sales_ranking_month": "228", "maker_ranking": "2", "ranking_compact_cars": "42"}
{"date": "2021-09", "monthly_sales": "1605", "share_manufacturers": "24.32%", "sales_ranking_month": "223", "maker_ranking": "2", "ranking_compact_cars": "45"}
{"date": "2021-08", "monthly_sales": "1770", "share_manufacturers": "40.23%", "sales_ranking_month": "193", "maker_ranking": "1", "ranking_compact_cars": "41"}
{"date": "2021-07", "monthly_sales": "1349", "share_manufacturers": "46.52%", "sales_ranking_month": "225", "maker_ranking": "1", "ranking_compact_cars": "46"}
{"date": "2021-06", "monthly_sales": "569", "share_manufacturers": "29.95%", "sales_ranking_month": "308", "maker_ranking": "2", "ranking_compact_cars": "59"}
{"date": "2021-05", "monthly_sales": "1370", "share_manufacturers": "34.25%", "sales_ranking_month": "227", "maker_ranking": "2", "ranking_compact_cars": "43"}
{"date": "2021-04", "monthly_sales": "1348", "share_manufacturers": "16.24%", "sales_ranking_month": "232", "maker_ranking": "4", "ranking_compact_cars": "42"}
{"date": "2021-03", "monthly_sales": "37", "share_manufacturers": "0.74%", "sales_ranking_month": "443", "maker_ranking": "7", "ranking_compact_cars": "80"}
{"date": "2021-02", "monthly_sales": "39", "share_manufacturers": "1.56%", "sales_ranking_month": "406", "maker_ranking": "6", "ranking_compact_cars": "69"}
{"date": "2021-01", "monthly_sales": "122", "share_manufacturers": "100.00%", "sales_ranking_month": "403", "maker_ranking": "3", "ranking_compact_cars": "70"}
{"date": "2020-12", "monthly_sales": "2150", "share_manufacturers": "100.00%", "sales_ranking_month": "240", "maker_ranking": "3", "ranking_compact_cars": "47"}
{"date": "2020-11", "monthly_sales": "3435", "share_manufacturers": "100.00%", "sales_ranking_month": "158", "maker_ranking": "3", "ranking_compact_cars": "37"}
{"date": "2020-10", "monthly_sales": "3600", "share_manufacturers": "100.00%", "sales_ranking_month": "153", "maker_ranking": "3", "ranking_compact_cars": "32"}
{"date": "2020-09", "monthly_sales": "2239", "share_manufacturers": "100.00%", "sales_ranking_month": "199", "maker_ranking": "5", "ranking_compact_cars": "44"}
{"date": "2020-08", "monthly_sales": "3343", "share_manufacturers": "20.89%", "sales_ranking_month": "134", "maker_ranking": "2", "ranking_compact_cars": "30"}
{"date": "2020-07", "monthly_sales": "1894", "share_manufacturers": "15.84%", "sales_ranking_month": "190", "maker_ranking": "4", "ranking_compact_cars": "38"}
{"date": "2020-06", "monthly_sales": "2036", "share_manufacturers": "13.60%", "sales_ranking_month": "192", "maker_ranking": "4", "ranking_compact_cars": "42"}
{"date": "2020-05", "monthly_sales": "2316", "share_manufacturers": "19.30%", "sales_ranking_month": "173", "maker_ranking": "3", "ranking_compact_cars": "41"}
{"date": "2020-04", "monthly_sales": "2331", "share_manufacturers": "27.87%", "sales_ranking_month": "158", "maker_ranking": "1", "ranking_compact_cars": "39"}
{"date": "2020-03", "monthly_sales": "784", "share_manufacturers": "24.42%", "sales_ranking_month": "233", "maker_ranking": "2", "ranking_compact_cars": "50"}
{"date": "2020-02", "monthly_sales": "147", "share_manufacturers": "9.19%", "sales_ranking_month": "224", "maker_ranking": "3", "ranking_compact_cars": "51"}
{"date": "2020-01", "monthly_sales": "3699", "share_manufacturers": "38.28%", "sales_ranking_month": "126", "maker_ranking": "1", "ranking_compact_cars": "35"}
{"date": "2019-12", "monthly_sales": "7360", "share_manufacturers": "21.30%", "sales_ranking_month": "94", "maker_ranking": "2", "ranking_compact_cars": "25"}
{"date": "2019-11", "monthly_sales": "7055", "share_manufacturers": "23.58%", "sales_ranking_month": "85", "maker_ranking": "1", "ranking_compact_cars": "25"}
{"date": "2019-10", "monthly_sales": "6425", "share_manufacturers": "23.93%", "sales_ranking_month": "94", "maker_ranking": "1", "ranking_compact_cars": "30"}
{"date": "2019-09", "monthly_sales": "5219", "share_manufacturers": "21.08%", "sales_ranking_month": "113", "maker_ranking": "2", "ranking_compact_cars": "37"}
{"date": "2019-08", "monthly_sales": "4318", "share_manufacturers": "18.10%", "sales_ranking_month": "126", "maker_ranking": "3", "ranking_compact_cars": "38"}
{"date": "2019-07", "monthly_sales": "4280", "share_manufacturers": "21.27%", "sales_ranking_month": "115", "maker_ranking": "2", "ranking_compact_cars": "37"}
{"date": "2019-06", "monthly_sales": "4363", "share_manufacturers": "20.93%", "sales_ranking_month": "129", "maker_ranking": "2", "ranking_compact_cars": "43"}
{"date": "2019-05", "monthly_sales": "7067", "share_manufacturers": "32.75%", "sales_ranking_month": "64", "maker_ranking": "1", "ranking_compact_cars": "21"}
{"date": "2019-04", "monthly_sales": "6796", "share_manufacturers": "34.45%", "sales_ranking_month": "70", "maker_ranking": "1", "ranking_compact_cars": "20"}
{"date": "2019-03", "monthly_sales": "3315", "share_manufacturers": "19.26%", "sales_ranking_month": "163", "maker_ranking": "1", "ranking_compact_cars": "44"}
{"date": "2019-02", "monthly_sales": "3139", "share_manufacturers": "23.21%", "sales_ranking_month": "123", "maker_ranking": "1", "ranking_compact_cars": "34"}
