{"date": null, "monthly_sales": null, "share_manufacturers": null, "sales_ranking_month": null, "maker_ranking": null, "ranking_compact_cars": null}
{"date": "2023-03", "monthly_sales": "574", "share_manufacturers": "28.66%", "sales_ranking_month": "342", "maker_ranking": "1", "ranking_compact_cars": "63"}
{"date": "2023-02", "monthly_sales": "429", "share_manufacturers": "21.45%", "sales_ranking_month": "351", "maker_ranking": "2", "ranking_compact_cars": "68"}
{"date": "2023-01", "monthly_sales": "225", "share_manufacturers": "11.25%", "sales_ranking_month": "391", "maker_ranking": "4", "ranking_compact_cars": "70"}
{"date": "2022-12", "monthly_sales": "383", "share_manufacturers": "19.81%", "sales_ranking_month": "404", "maker_ranking": "2", "ranking_compact_cars": "73"}
{"date": "2022-11", "monthly_sales": "529", "share_manufacturers": "26.45%", "sales_ranking_month": "360", "maker_ranking": "1", "ranking_compact_cars": "70"}
{"date": "2022-10", "monthly_sales": "648", "share_manufacturers": "24.92%", "sales_ranking_month": "347", "maker_ranking": "2", "ranking_compact_cars": "65"}
{"date": "2022-09", "monthly_sales": "489", "share_manufacturers": "12.22%", "sales_ranking_month": "386", "maker_ranking": "5", "ranking_compact_cars": "73"}
{"date": "2022-08", "monthly_sales": "578", "share_manufacturers": "7.95%", "sales_ranking_month": "333", "maker_ranking": "4", "ranking_compact_cars": "63"}
{"date": "2022-07", "monthly_sales": "549", "share_manufacturers": "15.21%", "sales_ranking_month": "360", "maker_ranking": "4", "ranking_compact_cars": "72"}
{"date": "2022-06", "monthly_sales": "640", "share_manufacturers": "19.39%", "sales_ranking_month": "343", "maker_ranking": "3", "ranking_compact_cars": "71"}
{"date": "2022-05", "monthly_sales": "551", "share_manufacturers": "16.78%", "sales_ranking_month": "327", "maker_ranking": "3", "ranking_compact_cars": "66"}
{"date": "2022-04", "monthly_sales": "397", "share_manufacturers": "33.08%", "sales_ranking_month": "299", "maker_ranking": "1", "ranking_compact_cars": "60"}
{"date": "2022-03", "monthly_sales": "1105", "share_manufacturers": "20.09%", "sales_ranking_month": "284", "maker_ranking": "3", "ranking_compact_cars": "61"}
{"date": "2022-02", "monthly_sales": "380", "share_manufacturers": "8.90%", "sales_ranking_month": "354", "maker_ranking": "6", "ranking_compact_cars": "69"}
{"date": "2022-01", "monthly_sales": "495", "share_manufacturers": "8.53%", "sales_ranking_month": "362", "maker_ranking": "5", "ranking_compact_cars": "68"}
{"date": "2021-12", "monthly_sales": "533", "share_manufacturers": "9.34%", "sales_ranking_month": "374", "maker_ranking": "3", "ranking_compact_cars": "66"}
{"date": "2021-11", "monthly_sales": "1227", "share_manufacturers": "15.73%", "sales_ranking_month": "288", "maker_ranking": "3", "ranking_compact_cars": "56"}
{"date": "2021-10", "monthly_sales": "1475", "share_manufacturers": "19.41%", "sales_ranking_month": "252", "maker_ranking": "3", "ranking_compact_cars": "46"}
{"date": "2021-09", "monthly_sales": "1223", "share_manufacturers": "18.53%", "sales_ranking_month": "256", "maker_ranking": "3", "ranking_compact_cars": "49"}
{"date": "2021-08", "monthly_sales": "461", "share_manufacturers": "10.48%", "sales_ranking_month": "337", "maker_ranking": "4", "ranking_compact_cars": "64"}
{"date": "2021-07", "monthly_sales": "683", "share_manufacturers": "23.55%", "sales_ranking_month": "279", "maker_ranking": "3", "ranking_compact_cars": "57"}
{"date": "2021-06", "monthly_sales": "926", "share_manufacturers": "48.74%", "sales_ranking_month": "268", "maker_ranking": "1", "ranking_compact_cars": "50"}
{"date": "2021-05", "monthly_sales": "54", "share_manufacturers": "1.35%", "sales_ranking_month": "438", "maker_ranking": "4", "ranking_compact_cars": "78"}
{"date": "2021-04", "monthly_sales": "1608", "share_manufacturers": "19.37%", "sales_ranking_month": "208", "maker_ranking": "3", "ranking_compact_cars": "40"}
{"date": "2021-03", "monthly_sales": "820", "share_manufacturers": "16.40%", "sales_ranking_month": "284", "maker_ranking": "3", "ranking_compact_cars": "51"}
{"date": "2021-02", "monthly_sales": "910", "share_manufacturers": "36.40%", "sales_ranking_month": "213", "maker_ranking": "2", "ranking_compact_cars": "40"}
{"date": "2021-01", "monthly_sales": "230", "share_manufacturers": "100.00%", "sales_ranking_month": "374", "maker_ranking": "1", "ranking_compact_cars": "66"}
{"date": "2020-12", "monthly_sales": "3120", "share_manufacturers": "100.00%", "sales_ranking_month": "183", "maker_ranking": "2", "ranking_compact_cars": "38"}
{"date": "2020-11", "monthly_sales": "2626", "share_manufacturers": "100.00%", "sales_ranking_month": "194", "maker_ranking": "5", "ranking_compact_cars": "42"}
{"date": "2020-10", "monthly_sales": "3240", "share_manufacturers": "100.00%", "sales_ranking_month": "163", "maker_ranking": "4", "ranking_compact_cars": "34"}
{"date": "2020-09", "monthly_sales": "4321", "share_manufacturers": "100.00%", "sales_ranking_month": "123", "maker_ranking": "2", "ranking_compact_cars": "31"}
{"date": "2020-08", "monthly_sales": "3078", "share_manufacturers": "19.24%", "sales_ranking_month": "140", "maker_ranking": "3", "ranking_compact_cars": "32"}
{"date": "2020-07", "monthly_sales": "2155", "share_manufacturers": "18.02%", "sales_ranking_month": "175", "maker_ranking": "3", "ranking_compact_cars": "37"}
{"date": "2020-06", "monthly_sales": "3563", "share_manufacturers": "23.80%", "sales_ranking_month": "134", "maker_ranking": "2", "ranking_compact_cars": "34"}
{"date": "2020-05", "monthly_sales": "2576", "share_manufacturers": "21.47%", "sales_ranking_month": "166", "maker_ranking": "2", "ranking_compact_cars": "40"}
{"date": "2020-04", "monthly_sales": "2037", "share_manufacturers": "24.35%", "sales_ranking_month": "174", "maker_ranking": "2", "ranking_compact_cars": "41"}
{"date": "2020-03", "monthly_sales": "884", "share_manufacturers": "27.54%", "sales_ranking_month": "218", "maker_ranking": "1", "ranking_compact_cars": "47"}
{"date": "2020-02", "monthly_sales": "329", "share_manufacturers": "20.56%", "sales_ranking_month": "158", "maker_ranking": "2", "ranking_compact_cars": "39"}
{"date": "2020-01", "monthly_sales": "2027", "share_manufacturers": "20.97%", "sales_ranking_month": "179", "maker_ranking": "3", "ranking_compact_cars": "45"}
{"date": "2019-12", "monthly_sales": "5135", "share_manufacturers": "14.86%", "sales_ranking_month": "129", "maker_ranking": "3", "ranking_compact_cars": "39"}
{"date": "2019-11", "monthly_sales": "4996", "share_manufacturers": "16.70%", "sales_ranking_month": "123", "maker_ranking": "3", "ranking_compact_cars": "36"}
{"date": "2019-10", "monthly_sales": "4619", "share_manufacturers": "17.20%", "sales_ranking_month": "130", "maker_ranking": "3", "ranking_compact_cars": "40"}
{"date": "2019-09", "monthly_sales": "5012", "share_manufacturers": "20.24%", "sales_ranking_month": "122", "maker_ranking": "3", "ranking_compact_cars": "40"}
{"date": "2019-08", "monthly_sales": "4402", "share_manufacturers": "18.46%", "sales_ranking_month": "125", "maker_ranking": "2", "ranking_compact_cars": "37"}
{"date": "2019-07", "monthly_sales": "3676", "share_manufacturers": "18.27%", "sales_ranking_month": "137", "maker_ranking": "3", "ranking_compact_cars": "42"}
{"date": "2019-06", "monthly_sales": "4743", "share_manufacturers": "22.75%", "sales_ranking_month": "115", "maker_ranking": "1", "ranking_compact_cars": "35"}
{"date": "2019-05", "monthly_sales": "1957", "share_manufacturers": "9.07%", "sales_ranking_month": "196", "maker_ranking": "4", "ranking_compact_cars": "51"}
{"date": "2019-04", "monthly_sales": "3169", "share_manufacturers": "16.06%", "sales_ranking_month": "157", "maker_ranking": "2", "ranking_compact_cars": "48"}
{"date": "2019-03", "monthly_sales": "1843", "share_manufacturers": "10.71%", "sales_ranking_month": "248", "maker_ranking": "5", "ranking_compact_cars": "57"}
{"date": "2019-02", "monthly_sales": "2924", "share_manufacturers": "21.62%", "sales_ranking_month": "131", "maker_ranking": "3", "ranking_compact_cars": "38"}
