{"date": null, "monthly_sales": null, "share_manufacturers": null, "sales_ranking_month": null, "maker_ranking": null, "ranking_compact_cars": null}
{"date": "2023-03", "monthly_sales": "8334", "share_manufacturers": "13.50%", "sales_ranking_month": "53", "maker_ranking": "5", "ranking_compact_cars": "13"}
{"date": "2023-02", "monthly_sales": "10095", "share_manufacturers": "15.50%", "sales_ranking_month": "32", "maker_ranking": "3", "ranking_compact_cars": "11"}
{"date": "2023-01", "monthly_sales": "8713", "share_manufacturers": "12.91%", "sales_ranking_month": "37", "maker_ranking": "5", "ranking_compact_cars": "12"}
{"date": "2022-12", "monthly_sales": "10388", "share_manufacturers": "12.57%", "sales_ranking_month": "57", "maker_ranking": "4", "ranking_compact_cars": "15"}
{"date": "2022-11", "monthly_sales": "12773", "share_manufacturers": "13.50%", "sales_ranking_month": "32", "maker_ranking": "3", "ranking_compact_cars": "11"}
{"date": "2022-10", "monthly_sales": "14506", "share_manufacturers": "13.57%", "sales_ranking_month": "37", "maker_ranking": "4", "ranking_compact_cars": "12"}
{"date": "2022-09", "monthly_sales": "9487", "share_manufacturers": "11.47%", "sales_ranking_month": "73", "maker_ranking": "4", "ranking_compact_cars": "18"}
{"date": "2022-08", "monthly_sales": "9101", "share_manufacturers": "9.84%", "sales_ranking_month": "72", "maker_ranking": "4", "ranking_compact_cars": "17"}
{"date": "2022-07", "monthly_sales": "10629", "share_manufacturers": "12.75%", "sales_ranking_month": "57", "maker_ranking": "4", "ranking_compact_cars": "14"}
{"date": "2022-06", "monthly_sales": "8319", "share_manufacturers": "9.07%", "sales_ranking_month": "82", "maker_ranking": "5", "ranking_compact_cars": "21"}
{"date": "2022-05", "monthly_sales": "4549", "share_manufacturers": "7.56%", "sales_ranking_month": "110", "maker_ranking": "5", "ranking_compact_cars": "29"}
{"date": "2022-04", "monthly_sales": "4309", "share_manufacturers": "8.77%", "sales_ranking_month": "60", "maker_ranking": "5", "ranking_compact_cars": "14"}
{"date": "2022-03", "monthly_sales": "8576", "share_manufacturers": "11.37%", "sales_ranking_month": "67", "maker_ranking": "5", "ranking_compact_cars": "16"}
{"date": "2022-02", "monthly_sales": "6001", "share_manufacturers": "10.84%", "sales_ranking_month": "72", "maker_ranking": "5", "ranking_compact_cars": "18"}
{"date": "2022-01", "monthly_sales": "12109", "share_manufacturers": "10.78%", "sales_ranking_month": "51", "maker_ranking": "4", "ranking_compact_cars": "13"}
{"date": "2021-12", "monthly_sales": "13115", "share_manufacturers": "10.75%", "sales_ranking_month": "53", "maker_ranking": "4", "ranking_compact_cars": "16"}
{"date": "2021-11", "monthly_sales": "12702", "share_manufacturers": "12.27%", "sales_ranking_month": "47", "maker_ranking": "4", "ranking_compact_cars": "14"}
{"date": "2021-10", "monthly_sales": "12053", "share_manufacturers": "14.01%", "sales_ranking_month": "45", "maker_ranking": "4", "ranking_compact_cars": "12"}
{"date": "2021-09", "monthly_sales": "10173", "share_manufacturers": "12.04%", "sales_ranking_month": "46", "maker_ranking": "4", "ranking_compact_cars": "15"}
{"date": "2021-08", "monthly_sales": "9126", "share_manufacturers": "11.81%", "sales_ranking_month": "46", "maker_ranking": "5", "ranking_compact_cars": "11"}
{"date": "2021-07", "monthly_sales": "10116", "share_manufacturers": "12.78%", "sales_ranking_month": "31", "maker_ranking": "3", "ranking_compact_cars": "10"}
{"date": "2021-06", "monthly_sales": "10073", "share_manufacturers": "12.36%", "sales_ranking_month": "36", "maker_ranking": "2", "ranking_compact_cars": "12"}
{"date": "2021-05", "monthly_sales": "10056", "share_manufacturers": "13.13%", "sales_ranking_month": "42", "maker_ranking": "4", "ranking_compact_cars": "12"}
{"date": "2021-04", "monthly_sales": "10387", "share_manufacturers": "12.90%", "sales_ranking_month": "47", "maker_ranking": "3", "ranking_compact_cars": "12"}
{"date": "2021-03", "monthly_sales": "14356", "share_manufacturers": "17.37%", "sales_ranking_month": "33", "maker_ranking": "2", "ranking_compact_cars": "10"}
{"date": "2021-02", "monthly_sales": "7279", "share_manufacturers": "11.22%", "sales_ranking_month": "44", "maker_ranking": "4", "ranking_compact_cars": "11"}
{"date": "2021-01", "monthly_sales": "14160", "share_manufacturers": "10.92%", "sales_ranking_month": "43", "maker_ranking": "4", "ranking_compact_cars": "12"}
{"date": "2020-12", "monthly_sales": "12077", "share_manufacturers": "9.44%", "sales_ranking_month": "56", "maker_ranking": "4", "ranking_compact_cars": "15"}
{"date": "2020-11", "monthly_sales": "7017", "share_manufacturers": "5.58%", "sales_ranking_month": "90", "maker_ranking": "8", "ranking_compact_cars": "21"}
