{"date": null, "monthly_sales": null, "share_manufacturers": null, "sales_ranking_month": null, "maker_ranking": null, "ranking_compact_cars": null}
{"date": "2023-03", "monthly_sales": "24427", "share_manufacturers": "30.15%", "sales_ranking_month": "7", "maker_ranking": "1", "ranking_compact_cars": "3"}
{"date": "2023-02", "monthly_sales": "21269", "share_manufacturers": "29.77%", "sales_ranking_month": "7", "maker_ranking": "1", "ranking_compact_cars": "3"}
{"date": "2023-01", "monthly_sales": "26917", "share_manufacturers": "34.51%", "sales_ranking_month": "2", "maker_ranking": "1", "ranking_compact_cars": "1"}
{"date": "2022-12", "monthly_sales": "33887", "share_manufacturers": "28.54%", "sales_ranking_month": "5", "maker_ranking": "1", "ranking_compact_cars": "2"}
{"date": "2022-11", "monthly_sales": "28867", "share_manufacturers": "26.40%", "sales_ranking_month": "7", "maker_ranking": "1", "ranking_compact_cars": "1"}
{"date": "2022-10", "monthly_sales": "31317", "share_manufacturers": "25.68%", "sales_ranking_month": "8", "maker_ranking": "1", "ranking_compact_cars": "3"}
{"date": "2022-09", "monthly_sales": "41415", "share_manufacturers": "33.00%", "sales_ranking_month": "4", "maker_ranking": "1", "ranking_compact_cars": "1"}
{"date": "2022-08", "monthly_sales": "55268", "share_manufacturers": "30.63%", "sales_ranking_month": "2", "maker_ranking": "1", "ranking_compact_cars": "1"}
{"date": "2022-07", "monthly_sales": "39054", "share_manufacturers": "31.13%", "sales_ranking_month": "3", "maker_ranking": "1", "ranking_compact_cars": "2"}
{"date": "2022-06", "monthly_sales": "32131", "share_manufacturers": "26.32%", "sales_ranking_month": "6", "maker_ranking": "1", "ranking_compact_cars": "4"}
{"date": "2022-05", "monthly_sales": "18588", "share_manufacturers": "22.26%", "sales_ranking_month": "9", "maker_ranking": "1", "ranking_compact_cars": "3"}
{"date": "2022-04", "monthly_sales": "8442", "share_manufacturers": "29.43%", "sales_ranking_month": "23", "maker_ranking": "1", "ranking_compact_cars": "6"}
{"date": "2022-03", "monthly_sales": "26040", "share_manufacturers": "24.99%", "sales_ranking_month": "6", "maker_ranking": "1", "ranking_compact_cars": "2"}
{"date": "2022-02", "monthly_sales": "32037", "share_manufacturers": "37.22%", "sales_ranking_month": "3", "maker_ranking": "1", "ranking_compact_cars": "2"}
{"date": "2022-01", "monthly_sales": "45524", "share_manufacturers": "36.57%", "sales_ranking_month": "2", "maker_ranking": "1", "ranking_compact_cars": "2"}
{"date": "2021-12", "monthly_sales": "27856", "share_manufacturers": "21.28%", "sales_ranking_month": "8", "maker_ranking": "1", "ranking_compact_cars": "3"}
{"date": "2021-11", "monthly_sales": "46880", "share_manufacturers": "36.86%", "sales_ranking_month": "1", "maker_ranking": "1", "ranking_compact_cars": "1"}
{"date": "2021-10", "monthly_sales": "34823", "share_manufacturers": "30.98%", "sales_ranking_month": "4", "maker_ranking": "1", "ranking_compact_cars": "2"}
{"date": "2021-09", "monthly_sales": "31881", "share_manufacturers": "27.29%", "sales_ranking_month": "4", "maker_ranking": "1", "ranking_compact_cars": "3"}
{"date": "2021-08", "monthly_sales": "38454", "share_manufacturers": "32.69%", "sales_ranking_month": "3", "maker_ranking": "1", "ranking_compact_cars": "2"}
{"date": "2021-07", "monthly_sales": "22433", "share_manufacturers": "32.77%", "sales_ranking_month": "6", "maker_ranking": "1", "ranking_compact_cars": "4"}
{"date": "2021-06", "monthly_sales": "18446", "share_manufacturers": "28.97%", "sales_ranking_month": "9", "maker_ranking": "1", "ranking_compact_cars": "4"}
{"date": "2021-05", "monthly_sales": "34800", "share_manufacturers": "32.41%", "sales_ranking_month": "2", "maker_ranking": "1", "ranking_compact_cars": "2"}
{"date": "2021-04", "monthly_sales": "31031", "share_manufacturers": "30.62%", "sales_ranking_month": "2", "maker_ranking": "1", "ranking_compact_cars": "2"}
{"date": "2021-03", "monthly_sales": "41153", "share_manufacturers": "38.27%", "sales_ranking_month": "1", "maker_ranking": "1", "ranking_compact_cars": "1"}
{"date": "2021-02", "monthly_sales": "13234", "share_manufacturers": "27.55%", "sales_ranking_month": "13", "maker_ranking": "1", "ranking_compact_cars": "8"}
{"date": "2021-01", "monthly_sales": "42323", "share_manufacturers": "49.55%", "sales_ranking_month": "3", "maker_ranking": "1", "ranking_compact_cars": "2"}
{"date": "2020-12", "monthly_sales": "36369", "share_manufacturers": "24.91%", "sales_ranking_month": "6", "maker_ranking": "1", "ranking_compact_cars": "3"}
{"date": "2020-11", "monthly_sales": "48278", "share_manufacturers": "33.13%", "sales_ranking_month": "3", "maker_ranking": "1", "ranking_compact_cars": "2"}
{"date": "2020-10", "monthly_sales": "40984", "share_manufacturers": "29.85%", "sales_ranking_month": "3", "maker_ranking": "1", "ranking_compact_cars": "2"}
{"date": "2020-09", "monthly_sales": "39595", "share_manufacturers": "25.25%", "sales_ranking_month": "3", "maker_ranking": "1", "ranking_compact_cars": "2"}
{"date": "2020-08", "monthly_sales": "45549", "share_manufacturers": "35.30%", "sales_ranking_month": "2", "maker_ranking": "1", "ranking_compact_cars": "2"}
{"date": "2020-07", "monthly_sales": "35925", "share_manufacturers": "29.45%", "sales_ranking_month": "2", "maker_ranking": "1", "ranking_compact_cars": "2"}
{"date": "2020-06", "monthly_sales": "34907", "share_manufacturers": "27.32%", "sales_ranking_month": "3", "maker_ranking": "1", "ranking_compact_cars": "3"}
{"date": "2020-05", "monthly_sales": "36317", "share_manufacturers": "30.52%", "sales_ranking_month": "2", "maker_ranking": "1", "ranking_compact_cars": "2"}
{"date": "2020-04", "monthly_sales": "35505", "share_manufacturers": "31.15%", "sales_ranking_month": "2", "maker_ranking": "1", "ranking_compact_cars": "2"}
{"date": "2020-03", "monthly_sales": "24698", "share_manufacturers": "43.48%", "sales_ranking_month": "1", "maker_ranking": "1", "ranking_compact_cars": "1"}
{"date": "2020-02", "monthly_sales": "3303", "share_manufacturers": "39.32%", "sales_ranking_month": "10", "maker_ranking": "1", "ranking_compact_cars": "5"}
{"date": "2020-01", "monthly_sales": "35898", "share_manufacturers": "34.12%", "sales_ranking_month": "2", "maker_ranking": "1", "ranking_compact_cars": "2"}
{"date": "2019-12", "monthly_sales": "62644", "share_manufacturers": "30.47%", "sales_ranking_month": "1", "maker_ranking": "1", "ranking_compact_cars": "1"}
{"date": "2019-11", "monthly_sales": "51567", "share_manufacturers": "29.15%", "sales_ranking_month": "2", "maker_ranking": "1", "ranking_compact_cars": "2"}
{"date": "2019-10", "monthly_sales": "40322", "share_manufacturers": "28.50%", "sales_ranking_month": "3", "maker_ranking": "1", "ranking_compact_cars": "2"}
{"date": "2019-09", "monthly_sales": "48226", "share_manufacturers": "31.71%", "sales_ranking_month": "1", "maker_ranking": "1", "ranking_compact_cars": "1"}
{"date": "2019-08", "monthly_sales": "31882", "share_manufacturers": "25.01%", "sales_ranking_month": "2", "maker_ranking": "1", "ranking_compact_cars": "2"}
{"date": "2019-07", "monthly_sales": "35629", "share_manufacturers": "28.78%", "sales_ranking_month": "1", "maker_ranking": "1", "ranking_compact_cars": "1"}
{"date": "2019-06", "monthly_sales": "33817", "share_manufacturers": "25.42%", "sales_ranking_month": "1", "maker_ranking": "1", "ranking_compact_cars": "1"}
{"date": "2019-05", "monthly_sales": "35517", "share_manufacturers": "26.91%", "sales_ranking_month": "2", "maker_ranking": "1", "ranking_compact_cars": "1"}
{"date": "2019-04", "monthly_sales": "36112", "share_manufacturers": "29.31%", "sales_ranking_month": "1", "maker_ranking": "1", "ranking_compact_cars": "1"}
{"date": "2019-03", "monthly_sales": "49039", "share_manufacturers": "33.49%", "sales_ranking_month": "1", "maker_ranking": "1", "ranking_compact_cars": "1"}
{"date": "2019-02", "monthly_sales": "33900", "share_manufacturers": "34.84%", "sales_ranking_month": "1", "maker_ranking": "1", "ranking_compact_cars": "1"}
