{"date": null, "monthly_sales": null, "share_manufacturers": null, "sales_ranking_month": null, "maker_ranking": null, "ranking_compact_cars": null}
{"date": "2023-03", "monthly_sales": "2412", "share_manufacturers": "51.28%", "sales_ranking_month": "169", "maker_ranking": "1", "ranking_compact_cars": "41"}
{"date": "2023-02", "monthly_sales": "1422", "share_manufacturers": "65.14%", "sales_ranking_month": "210", "maker_ranking": "1", "ranking_compact_cars": "46"}
{"date": "2023-01", "monthly_sales": "587", "share_manufacturers": "30.83%", "sales_ranking_month": "294", "maker_ranking": "1", "ranking_compact_cars": "62"}
{"date": "2022-12", "monthly_sales": "4164", "share_manufacturers": "60.58%", "sales_ranking_month": "160", "maker_ranking": "1", "ranking_compact_cars": "41"}
{"date": "2022-11", "monthly_sales": "2962", "share_manufacturers": "52.66%", "sales_ranking_month": "180", "maker_ranking": "1", "ranking_compact_cars": "44"}
{"date": "2022-10", "monthly_sales": "3992", "share_manufacturers": "62.31%", "sales_ranking_month": "151", "maker_ranking": "1", "ranking_compact_cars": "37"}
{"date": "2022-09", "monthly_sales": "2943", "share_manufacturers": "59.30%", "sales_ranking_month": "193", "maker_ranking": "1", "ranking_compact_cars": "44"}
{"date": "2022-08", "monthly_sales": "3490", "share_manufacturers": "49.38%", "sales_ranking_month": "164", "maker_ranking": "1", "ranking_compact_cars": "36"}
{"date": "2022-07", "monthly_sales": "50", "share_manufacturers": "1.39%", "sales_ranking_month": "472", "maker_ranking": "5", "ranking_compact_cars": "84"}
{"date": "2022-06", "monthly_sales": "997", "share_manufacturers": "21.41%", "sales_ranking_month": "306", "maker_ranking": "3", "ranking_compact_cars": "61"}
{"date": "2022-05", "monthly_sales": "719", "share_manufacturers": "17.28%", "sales_ranking_month": "301", "maker_ranking": "3", "ranking_compact_cars": "62"}
{"date": "2022-04", "monthly_sales": "972", "share_manufacturers": "27.21%", "sales_ranking_month": "210", "maker_ranking": "3", "ranking_compact_cars": "49"}
{"date": "2022-03", "monthly_sales": "836", "share_manufacturers": "17.76%", "sales_ranking_month": "310", "maker_ranking": "3", "ranking_compact_cars": "65"}
{"date": "2022-02", "monthly_sales": "770", "share_manufacturers": "21.15%", "sales_ranking_month": "294", "maker_ranking": "3", "ranking_compact_cars": "61"}
{"date": "2022-01", "monthly_sales": "2270", "share_manufacturers": "36.31%", "sales_ranking_month": "207", "maker_ranking": "1", "ranking_compact_cars": "49"}
{"date": "2021-12", "monthly_sales": "823", "share_manufacturers": "14.14%", "sales_ranking_month": "342", "maker_ranking": "4", "ranking_compact_cars": "61"}
{"date": "2021-11", "monthly_sales": "1000", "share_manufacturers": "21.32%", "sales_ranking_month": "317", "maker_ranking": "2", "ranking_compact_cars": "60"}
{"date": "2021-10", "monthly_sales": "673", "share_manufacturers": "16.82%", "sales_ranking_month": "335", "maker_ranking": "4", "ranking_compact_cars": "57"}
{"date": "2021-09", "monthly_sales": "929", "share_manufacturers": "27.99%", "sales_ranking_month": "277", "maker_ranking": "2", "ranking_compact_cars": "51"}
{"date": "2021-08", "monthly_sales": "957", "share_manufacturers": "32.11%", "sales_ranking_month": "271", "maker_ranking": "1", "ranking_compact_cars": "58"}
{"date": "2021-07", "monthly_sales": "1367", "share_manufacturers": "100.00%", "sales_ranking_month": "223", "maker_ranking": "1", "ranking_compact_cars": "45"}
{"date": "2021-06", "monthly_sales": "689", "share_manufacturers": "16.48%", "sales_ranking_month": "290", "maker_ranking": "3", "ranking_compact_cars": "54"}
{"date": "2021-05", "monthly_sales": "1352", "share_manufacturers": "26.96%", "sales_ranking_month": "228", "maker_ranking": "2", "ranking_compact_cars": "44"}
{"date": "2021-04", "monthly_sales": "1407", "share_manufacturers": "28.34%", "sales_ranking_month": "226", "maker_ranking": "2", "ranking_compact_cars": "41"}
{"date": "2021-03", "monthly_sales": "1313", "share_manufacturers": "25.69%", "sales_ranking_month": "239", "maker_ranking": "2", "ranking_compact_cars": "41"}
{"date": "2021-02", "monthly_sales": "471", "share_manufacturers": "21.06%", "sales_ranking_month": "267", "maker_ranking": "2", "ranking_compact_cars": "49"}
{"date": "2021-01", "monthly_sales": "1485", "share_manufacturers": "100.00%", "sales_ranking_month": "235", "maker_ranking": "1", "ranking_compact_cars": "41"}
{"date": "2020-12", "monthly_sales": "1638", "share_manufacturers": "100.00%", "sales_ranking_month": "270", "maker_ranking": "1", "ranking_compact_cars": "54"}
{"date": "2020-11", "monthly_sales": "1344", "share_manufacturers": "100.00%", "sales_ranking_month": "271", "maker_ranking": "1", "ranking_compact_cars": "52"}
{"date": "2020-10", "monthly_sales": "883", "share_manufacturers": "100.00%", "sales_ranking_month": "308", "maker_ranking": "1", "ranking_compact_cars": "57"}
{"date": "2020-09", "monthly_sales": "883", "share_manufacturers": "100.00%", "sales_ranking_month": "286", "maker_ranking": "1", "ranking_compact_cars": "55"}
{"date": "2020-08", "monthly_sales": "377", "share_manufacturers": "19.37%", "sales_ranking_month": "343", "maker_ranking": "3", "ranking_compact_cars": "60"}
{"date": "2020-07", "monthly_sales": "400", "share_manufacturers": "17.82%", "sales_ranking_month": "341", "maker_ranking": "3", "ranking_compact_cars": "70"}
{"date": "2020-06", "monthly_sales": "670", "share_manufacturers": "23.65%", "sales_ranking_month": "313", "maker_ranking": "3", "ranking_compact_cars": "62"}
{"date": "2020-05", "monthly_sales": "9", "share_manufacturers": "0.60%", "sales_ranking_month": "485", "maker_ranking": "5", "ranking_compact_cars": "93"}
{"date": "2020-04", "monthly_sales": "1768", "share_manufacturers": "58.23%", "sales_ranking_month": "191", "maker_ranking": "1", "ranking_compact_cars": "43"}
{"date": "2020-03", "monthly_sales": "286", "share_manufacturers": "20.38%", "sales_ranking_month": "323", "maker_ranking": "3", "ranking_compact_cars": "62"}
{"date": "2020-02", "monthly_sales": "80", "share_manufacturers": "24.02%", "sales_ranking_month": "264", "maker_ranking": "2", "ranking_compact_cars": "57"}
{"date": "2020-01", "monthly_sales": "534", "share_manufacturers": "23.70%", "sales_ranking_month": "302", "maker_ranking": "2", "ranking_compact_cars": "66"}
{"date": "2019-12", "monthly_sales": "555", "share_manufacturers": "18.40%", "sales_ranking_month": "354", "maker_ranking": "3", "ranking_compact_cars": "82"}
{"date": "2019-11", "monthly_sales": "1403", "share_manufacturers": "29.38%", "sales_ranking_month": "257", "maker_ranking": "2", "ranking_compact_cars": "60"}
{"date": "2019-10", "monthly_sales": "1222", "share_manufacturers": "19.82%", "sales_ranking_month": "258", "maker_ranking": "3", "ranking_compact_cars": "56"}
{"date": "2019-09", "monthly_sales": "946", "share_manufacturers": "17.56%", "sales_ranking_month": "287", "maker_ranking": "3", "ranking_compact_cars": "62"}
{"date": "2019-08", "monthly_sales": "856", "share_manufacturers": "24.04%", "sales_ranking_month": "293", "maker_ranking": "2", "ranking_compact_cars": "64"}
{"date": "2019-07", "monthly_sales": "1333", "share_manufacturers": "24.20%", "sales_ranking_month": "233", "maker_ranking": "2", "ranking_compact_cars": "52"}
{"date": "2019-06", "monthly_sales": "853", "share_manufacturers": "18.81%", "sales_ranking_month": "300", "maker_ranking": "2", "ranking_compact_cars": "68"}
{"date": "2019-05", "monthly_sales": "608", "share_manufacturers": "16.54%", "sales_ranking_month": "315", "maker_ranking": "3", "ranking_compact_cars": "72"}
{"date": "2019-04", "monthly_sales": "365", "share_manufacturers": "10.23%", "sales_ranking_month": "348", "maker_ranking": "4", "ranking_compact_cars": "81"}
{"date": "2019-03", "monthly_sales": "1100", "share_manufacturers": "11.20%", "sales_ranking_month": "307", "maker_ranking": "4", "ranking_compact_cars": "68"}
{"date": "2019-02", "monthly_sales": "229", "share_manufacturers": "7.45%", "sales_ranking_month": "366", "maker_ranking": "6", "ranking_compact_cars": "77"}
