{"date": null, "monthly_sales": null, "share_manufacturers": null, "sales_ranking_month": null, "maker_ranking": null, "ranking_compact_cars": null}
{"date": "2023-03", "monthly_sales": "6738", "share_manufacturers": "8.32%", "sales_ranking_month": "69", "maker_ranking": "6", "ranking_compact_cars": "17"}
{"date": "2023-02", "monthly_sales": "7298", "share_manufacturers": "10.21%", "sales_ranking_month": "60", "maker_ranking": "5", "ranking_compact_cars": "16"}
{"date": "2023-01", "monthly_sales": "6170", "share_manufacturers": "7.91%", "sales_ranking_month": "65", "maker_ranking": "6", "ranking_compact_cars": "18"}
{"date": "2022-12", "monthly_sales": "7739", "share_manufacturers": "6.52%", "sales_ranking_month": "88", "maker_ranking": "6", "ranking_compact_cars": "21"}
{"date": "2022-11", "monthly_sales": "8665", "share_manufacturers": "7.92%", "sales_ranking_month": "68", "maker_ranking": "6", "ranking_compact_cars": "15"}
{"date": "2022-10", "monthly_sales": "9929", "share_manufacturers": "8.14%", "sales_ranking_month": "70", "maker_ranking": "5", "ranking_compact_cars": "20"}
{"date": "2022-09", "monthly_sales": "9658", "share_manufacturers": "7.70%", "sales_ranking_month": "70", "maker_ranking": "5", "ranking_compact_cars": "17"}
{"date": "2022-08", "monthly_sales": "15890", "share_manufacturers": "8.81%", "sales_ranking_month": "34", "maker_ranking": "5", "ranking_compact_cars": "10"}
{"date": "2022-07", "monthly_sales": "7299", "share_manufacturers": "5.82%", "sales_ranking_month": "93", "maker_ranking": "6", "ranking_compact_cars": "22"}
{"date": "2022-06", "monthly_sales": "7412", "share_manufacturers": "6.07%", "sales_ranking_month": "94", "maker_ranking": "7", "ranking_compact_cars": "24"}
{"date": "2022-05", "monthly_sales": "16220", "share_manufacturers": "19.42%", "sales_ranking_month": "17", "maker_ranking": "2", "ranking_compact_cars": "7"}
{"date": "2022-04", "monthly_sales": "8212", "share_manufacturers": "28.63%", "sales_ranking_month": "24", "maker_ranking": "2", "ranking_compact_cars": "7"}
{"date": "2022-03", "monthly_sales": "10580", "share_manufacturers": "10.15%", "sales_ranking_month": "47", "maker_ranking": "4", "ranking_compact_cars": "14"}
{"date": "2022-02", "monthly_sales": "7535", "share_manufacturers": "8.75%", "sales_ranking_month": "59", "maker_ranking": "4", "ranking_compact_cars": "14"}
{"date": "2022-01", "monthly_sales": "6283", "share_manufacturers": "5.05%", "sales_ranking_month": "107", "maker_ranking": "6", "ranking_compact_cars": "27"}
{"date": "2021-12", "monthly_sales": "16508", "share_manufacturers": "12.61%", "sales_ranking_month": "37", "maker_ranking": "3", "ranking_compact_cars": "13"}
{"date": "2021-11", "monthly_sales": "11593", "share_manufacturers": "9.11%", "sales_ranking_month": "51", "maker_ranking": "4", "ranking_compact_cars": "15"}
{"date": "2021-10", "monthly_sales": "8899", "share_manufacturers": "7.92%", "sales_ranking_month": "67", "maker_ranking": "5", "ranking_compact_cars": "18"}
{"date": "2021-09", "monthly_sales": "11259", "share_manufacturers": "9.64%", "sales_ranking_month": "38", "maker_ranking": "5", "ranking_compact_cars": "13"}
{"date": "2021-08", "monthly_sales": "9140", "share_manufacturers": "7.77%", "sales_ranking_month": "45", "maker_ranking": "5", "ranking_compact_cars": "10"}
{"date": "2021-07", "monthly_sales": "6666", "share_manufacturers": "9.74%", "sales_ranking_month": "67", "maker_ranking": "2", "ranking_compact_cars": "19"}
{"date": "2021-06", "monthly_sales": "15431", "share_manufacturers": "24.24%", "sales_ranking_month": "16", "maker_ranking": "2", "ranking_compact_cars": "6"}
{"date": "2021-05", "monthly_sales": "13701", "share_manufacturers": "12.76%", "sales_ranking_month": "22", "maker_ranking": "2", "ranking_compact_cars": "9"}
{"date": "2021-04", "monthly_sales": "13899", "share_manufacturers": "13.71%", "sales_ranking_month": "27", "maker_ranking": "2", "ranking_compact_cars": "9"}
{"date": "2021-03", "monthly_sales": "7635", "share_manufacturers": "7.10%", "sales_ranking_month": "67", "maker_ranking": "4", "ranking_compact_cars": "16"}
{"date": "2021-02", "monthly_sales": "296", "share_manufacturers": "0.62%", "sales_ranking_month": "306", "maker_ranking": "10", "ranking_compact_cars": "53"}
{"date": "2021-01", "monthly_sales": "22309", "share_manufacturers": "26.12%", "sales_ranking_month": "16", "maker_ranking": "2", "ranking_compact_cars": "9"}
{"date": "2020-12", "monthly_sales": "16540", "share_manufacturers": "11.33%", "sales_ranking_month": "36", "maker_ranking": "3", "ranking_compact_cars": "12"}
{"date": "2020-11", "monthly_sales": "20322", "share_manufacturers": "13.94%", "sales_ranking_month": "22", "maker_ranking": "2", "ranking_compact_cars": "10"}
{"date": "2020-10", "monthly_sales": "13779", "share_manufacturers": "10.04%", "sales_ranking_month": "40", "maker_ranking": "4", "ranking_compact_cars": "13"}
{"date": "2020-09", "monthly_sales": "20240", "share_manufacturers": "12.90%", "sales_ranking_month": "15", "maker_ranking": "2", "ranking_compact_cars": "8"}
{"date": "2020-08", "monthly_sales": "17138", "share_manufacturers": "13.28%", "sales_ranking_month": "18", "maker_ranking": "2", "ranking_compact_cars": "10"}
{"date": "2020-07", "monthly_sales": "15426", "share_manufacturers": "12.64%", "sales_ranking_month": "24", "maker_ranking": "3", "ranking_compact_cars": "11"}
{"date": "2020-06", "monthly_sales": "15967", "share_manufacturers": "12.49%", "sales_ranking_month": "22", "maker_ranking": "3", "ranking_compact_cars": "10"}
{"date": "2020-05", "monthly_sales": "16446", "share_manufacturers": "13.82%", "sales_ranking_month": "21", "maker_ranking": "2", "ranking_compact_cars": "11"}
{"date": "2020-04", "monthly_sales": "9469", "share_manufacturers": "8.31%", "sales_ranking_month": "49", "maker_ranking": "6", "ranking_compact_cars": "14"}
{"date": "2020-03", "monthly_sales": "10776", "share_manufacturers": "18.97%", "sales_ranking_month": "23", "maker_ranking": "2", "ranking_compact_cars": "8"}
{"date": "2020-02", "monthly_sales": "939", "share_manufacturers": "11.18%", "sales_ranking_month": "73", "maker_ranking": "3", "ranking_compact_cars": "20"}
{"date": "2020-01", "monthly_sales": "18683", "share_manufacturers": "17.76%", "sales_ranking_month": "13", "maker_ranking": "2", "ranking_compact_cars": "8"}
{"date": "2019-12", "monthly_sales": "24900", "share_manufacturers": "12.11%", "sales_ranking_month": "12", "maker_ranking": "3", "ranking_compact_cars": "8"}
{"date": "2019-11", "monthly_sales": "24043", "share_manufacturers": "13.59%", "sales_ranking_month": "12", "maker_ranking": "3", "ranking_compact_cars": "6"}
{"date": "2019-10", "monthly_sales": "19946", "share_manufacturers": "14.10%", "sales_ranking_month": "14", "maker_ranking": "3", "ranking_compact_cars": "8"}
{"date": "2019-09", "monthly_sales": "23118", "share_manufacturers": "15.20%", "sales_ranking_month": "9", "maker_ranking": "2", "ranking_compact_cars": "7"}
{"date": "2019-08", "monthly_sales": "20517", "share_manufacturers": "16.09%", "sales_ranking_month": "9", "maker_ranking": "2", "ranking_compact_cars": "7"}
{"date": "2019-07", "monthly_sales": "25315", "share_manufacturers": "20.45%", "sales_ranking_month": "4", "maker_ranking": "2", "ranking_compact_cars": "4"}
{"date": "2019-06", "monthly_sales": "19038", "share_manufacturers": "14.31%", "sales_ranking_month": "11", "maker_ranking": "2", "ranking_compact_cars": "7"}
{"date": "2019-05", "monthly_sales": "14319", "share_manufacturers": "10.85%", "sales_ranking_month": "20", "maker_ranking": "4", "ranking_compact_cars": "9"}
{"date": "2019-04", "monthly_sales": "15356", "share_manufacturers": "12.46%", "sales_ranking_month": "12", "maker_ranking": "2", "ranking_compact_cars": "7"}
{"date": "2019-03", "monthly_sales": "23077", "share_manufacturers": "15.76%", "sales_ranking_month": "10", "maker_ranking": "2", "ranking_compact_cars": "7"}
{"date": "2019-02", "monthly_sales": "13037", "share_manufacturers": "13.40%", "sales_ranking_month": "12", "maker_ranking": "2", "ranking_compact_cars": "9"}
