{"date": null, "monthly_sales": null, "share_manufacturers": null, "sales_ranking_month": null, "maker_ranking": null, "ranking_compact_cars": null}
{"date": "2023-03", "monthly_sales": "152", "share_manufacturers": "1.11%", "sales_ranking_month": "442", "maker_ranking": "8", "ranking_compact_cars": "72"}
{"date": "2023-02", "monthly_sales": "59", "share_manufacturers": "0.59%", "sales_ranking_month": "473", "maker_ranking": "8", "ranking_compact_cars": "82"}
{"date": "2023-01", "monthly_sales": "60", "share_manufacturers": "0.57%", "sales_ranking_month": "465", "maker_ranking": "6", "ranking_compact_cars": "79"}
{"date": "2022-12", "monthly_sales": "1483", "share_manufacturers": "8.38%", "sales_ranking_month": "273", "maker_ranking": "3", "ranking_compact_cars": "58"}
{"date": "2022-11", "monthly_sales": "1", "share_manufacturers": "0.00%", "sales_ranking_month": "533", "maker_ranking": "9", "ranking_compact_cars": "88"}
{"date": "2022-10", "monthly_sales": "1", "share_manufacturers": "0.00%", "sales_ranking_month": "531", "maker_ranking": "9", "ranking_compact_cars": "86"}
{"date": "2022-09", "monthly_sales": "462", "share_manufacturers": "2.36%", "sales_ranking_month": "393", "maker_ranking": "8", "ranking_compact_cars": "74"}
{"date": "2022-08", "monthly_sales": "600", "share_manufacturers": "2.26%", "sales_ranking_month": "328", "maker_ranking": "5", "ranking_compact_cars": "61"}
{"date": "2022-07", "monthly_sales": "496", "share_manufacturers": "2.39%", "sales_ranking_month": "367", "maker_ranking": "7", "ranking_compact_cars": "73"}
{"date": "2022-05", "monthly_sales": "606", "share_manufacturers": "3.16%", "sales_ranking_month": "315", "maker_ranking": "6", "ranking_compact_cars": "63"}
{"date": "2022-03", "monthly_sales": "103", "share_manufacturers": "0.52%", "sales_ranking_month": "449", "maker_ranking": "8", "ranking_compact_cars": "80"}
{"date": "2022-02", "monthly_sales": "495", "share_manufacturers": "2.98%", "sales_ranking_month": "332", "maker_ranking": "5", "ranking_compact_cars": "65"}
{"date": "2021-12", "monthly_sales": "--", "share_manufacturers": "--", "sales_ranking_month": "--", "maker_ranking": "--", "ranking_compact_cars": "--"}
{"date": "2021-11", "monthly_sales": "1", "share_manufacturers": "0.00%", "sales_ranking_month": "521", "maker_ranking": "10", "ranking_compact_cars": "89"}
{"date": "2021-10", "monthly_sales": "427", "share_manufacturers": "1.50%", "sales_ranking_month": "367", "maker_ranking": "7", "ranking_compact_cars": "65"}
{"date": "2021-09", "monthly_sales": "485", "share_manufacturers": "2.14%", "sales_ranking_month": "334", "maker_ranking": "6", "ranking_compact_cars": "59"}
{"date": "2021-08", "monthly_sales": "463", "share_manufacturers": "2.12%", "sales_ranking_month": "336", "maker_ranking": "8", "ranking_compact_cars": "63"}
{"date": "2021-07", "monthly_sales": "3", "share_manufacturers": "0.01%", "sales_ranking_month": "463", "maker_ranking": "10", "ranking_compact_cars": "82"}
{"date": "2021-06", "monthly_sales": "13", "share_manufacturers": "0.06%", "sales_ranking_month": "472", "maker_ranking": "10", "ranking_compact_cars": "80"}
{"date": "2021-05", "monthly_sales": "366", "share_manufacturers": "2.78%", "sales_ranking_month": "348", "maker_ranking": "8", "ranking_compact_cars": "61"}
{"date": "2021-04", "monthly_sales": "294", "share_manufacturers": "2.12%", "sales_ranking_month": "363", "maker_ranking": "7", "ranking_compact_cars": "60"}
{"date": "2021-03", "monthly_sales": "188", "share_manufacturers": "0.82%", "sales_ranking_month": "383", "maker_ranking": "7", "ranking_compact_cars": "69"}
{"date": "2021-02", "monthly_sales": "282", "share_manufacturers": "2.50%", "sales_ranking_month": "310", "maker_ranking": "6", "ranking_compact_cars": "55"}
{"date": "2021-01", "monthly_sales": "458", "share_manufacturers": "100.00%", "sales_ranking_month": "330", "maker_ranking": "6", "ranking_compact_cars": "56"}
{"date": "2020-12", "monthly_sales": "891", "share_manufacturers": "100.00%", "sales_ranking_month": "317", "maker_ranking": "7", "ranking_compact_cars": "61"}
{"date": "2020-11", "monthly_sales": "951", "share_manufacturers": "100.00%", "sales_ranking_month": "302", "maker_ranking": "6", "ranking_compact_cars": "58"}
{"date": "2020-10", "monthly_sales": "478", "share_manufacturers": "100.00%", "sales_ranking_month": "357", "maker_ranking": "7", "ranking_compact_cars": "67"}
{"date": "2020-09", "monthly_sales": "178", "share_manufacturers": "100.00%", "sales_ranking_month": "383", "maker_ranking": "7", "ranking_compact_cars": "73"}
{"date": "2020-08", "monthly_sales": "319", "share_manufacturers": "1.58%", "sales_ranking_month": "353", "maker_ranking": "6", "ranking_compact_cars": "65"}
{"date": "2020-07", "monthly_sales": "63", "share_manufacturers": "0.42%", "sales_ranking_month": "433", "maker_ranking": "8", "ranking_compact_cars": "83"}
{"date": "2020-06", "monthly_sales": "111", "share_manufacturers": "0.35%", "sales_ranking_month": "404", "maker_ranking": "8", "ranking_compact_cars": "76"}
{"date": "2020-05", "monthly_sales": "164", "share_manufacturers": "0.49%", "sales_ranking_month": "388", "maker_ranking": "8", "ranking_compact_cars": "72"}
{"date": "2020-04", "monthly_sales": "217", "share_manufacturers": "0.86%", "sales_ranking_month": "352", "maker_ranking": "8", "ranking_compact_cars": "71"}
{"date": "2020-03", "monthly_sales": "2871", "share_manufacturers": "21.32%", "sales_ranking_month": "105", "maker_ranking": "3", "ranking_compact_cars": "29"}
{"date": "2020-02", "monthly_sales": "358", "share_manufacturers": "10.81%", "sales_ranking_month": "145", "maker_ranking": "3", "ranking_compact_cars": "36"}
{"date": "2020-01", "monthly_sales": "4176", "share_manufacturers": "11.29%", "sales_ranking_month": "111", "maker_ranking": "3", "ranking_compact_cars": "29"}
{"date": "2019-12", "monthly_sales": "2134", "share_manufacturers": "7.74%", "sales_ranking_month": "220", "maker_ranking": "5", "ranking_compact_cars": "53"}
{"date": "2019-11", "monthly_sales": "1927", "share_manufacturers": "6.18%", "sales_ranking_month": "228", "maker_ranking": "6", "ranking_compact_cars": "54"}
{"date": "2019-10", "monthly_sales": "2956", "share_manufacturers": "6.60%", "sales_ranking_month": "182", "maker_ranking": "7", "ranking_compact_cars": "51"}
{"date": "2019-09", "monthly_sales": "1951", "share_manufacturers": "4.36%", "sales_ranking_month": "221", "maker_ranking": "7", "ranking_compact_cars": "54"}
{"date": "2019-08", "monthly_sales": "2216", "share_manufacturers": "4.71%", "sales_ranking_month": "197", "maker_ranking": "7", "ranking_compact_cars": "50"}
{"date": "2019-07", "monthly_sales": "2181", "share_manufacturers": "5.38%", "sales_ranking_month": "191", "maker_ranking": "6", "ranking_compact_cars": "48"}
{"date": "2019-06", "monthly_sales": "2544", "share_manufacturers": "5.40%", "sales_ranking_month": "185", "maker_ranking": "6", "ranking_compact_cars": "53"}
{"date": "2019-05", "monthly_sales": "2637", "share_manufacturers": "3.74%", "sales_ranking_month": "172", "maker_ranking": "6", "ranking_compact_cars": "50"}
{"date": "2019-04", "monthly_sales": "1699", "share_manufacturers": "5.04%", "sales_ranking_month": "224", "maker_ranking": "6", "ranking_compact_cars": "59"}
{"date": "2019-03", "monthly_sales": "2965", "share_manufacturers": "8.18%", "sales_ranking_month": "192", "maker_ranking": "6", "ranking_compact_cars": "50"}
{"date": "2019-02", "monthly_sales": "1552", "share_manufacturers": "5.45%", "sales_ranking_month": "195", "maker_ranking": "5", "ranking_compact_cars": "49"}
{"date": "2019-01", "monthly_sales": "1791", "share_manufacturers": "2.96%", "sales_ranking_month": "227", "maker_ranking": "6", "ranking_compact_cars": "54"}
{"date": "2018-12", "monthly_sales": "2031", "share_manufacturers": "3.46%", "sales_ranking_month": "243", "maker_ranking": "6", "ranking_compact_cars": "60"}
{"date": "2018-11", "monthly_sales": "3012", "share_manufacturers": "4.79%", "sales_ranking_month": "193", "maker_ranking": "5", "ranking_compact_cars": "51"}
