{"date": null, "monthly_sales": null, "share_manufacturers": null, "sales_ranking_month": null, "maker_ranking": null, "ranking_compact_cars": null}
{"date": "2023-03", "monthly_sales": "594", "share_manufacturers": "4.32%", "sales_ranking_month": "337", "maker_ranking": "5", "ranking_compact_cars": "62"}
{"date": "2023-02", "monthly_sales": "498", "share_manufacturers": "4.98%", "sales_ranking_month": "337", "maker_ranking": "4", "ranking_compact_cars": "66"}
{"date": "2023-01", "monthly_sales": "57", "share_manufacturers": "0.54%", "sales_ranking_month": "467", "maker_ranking": "7", "ranking_compact_cars": "81"}
{"date": "2022-12", "monthly_sales": "1061", "share_manufacturers": "5.99%", "sales_ranking_month": "314", "maker_ranking": "6", "ranking_compact_cars": "62"}
{"date": "2022-11", "monthly_sales": "596", "share_manufacturers": "2.89%", "sales_ranking_month": "349", "maker_ranking": "8", "ranking_compact_cars": "68"}
{"date": "2022-10", "monthly_sales": "354", "share_manufacturers": "1.70%", "sales_ranking_month": "390", "maker_ranking": "6", "ranking_compact_cars": "72"}
{"date": "2022-09", "monthly_sales": "690", "share_manufacturers": "3.52%", "sales_ranking_month": "357", "maker_ranking": "6", "ranking_compact_cars": "70"}
{"date": "2022-08", "monthly_sales": "705", "share_manufacturers": "2.66%", "sales_ranking_month": "311", "maker_ranking": "4", "ranking_compact_cars": "60"}
{"date": "2022-07", "monthly_sales": "715", "share_manufacturers": "3.44%", "sales_ranking_month": "335", "maker_ranking": "6", "ranking_compact_cars": "67"}
{"date": "2022-06", "monthly_sales": "785", "share_manufacturers": "3.29%", "sales_ranking_month": "325", "maker_ranking": "6", "ranking_compact_cars": "66"}
{"date": "2022-05", "monthly_sales": "503", "share_manufacturers": "2.63%", "sales_ranking_month": "337", "maker_ranking": "7", "ranking_compact_cars": "67"}
{"date": "2022-04", "monthly_sales": "48", "share_manufacturers": "0.97%", "sales_ranking_month": "429", "maker_ranking": "2", "ranking_compact_cars": "79"}
{"date": "2022-03", "monthly_sales": "775", "share_manufacturers": "3.89%", "sales_ranking_month": "315", "maker_ranking": "5", "ranking_compact_cars": "66"}
{"date": "2022-02", "monthly_sales": "401", "share_manufacturers": "2.41%", "sales_ranking_month": "347", "maker_ranking": "6", "ranking_compact_cars": "67"}
{"date": "2022-01", "monthly_sales": "570", "share_manufacturers": "2.76%", "sales_ranking_month": "345", "maker_ranking": "5", "ranking_compact_cars": "65"}
{"date": "2021-12", "monthly_sales": "967", "share_manufacturers": "2.20%", "sales_ranking_month": "333", "maker_ranking": "7", "ranking_compact_cars": "60"}
{"date": "2021-11", "monthly_sales": "285", "share_manufacturers": "0.81%", "sales_ranking_month": "403", "maker_ranking": "8", "ranking_compact_cars": "68"}
{"date": "2021-10", "monthly_sales": "1", "share_manufacturers": "0.00%", "sales_ranking_month": "508", "maker_ranking": "10", "ranking_compact_cars": "85"}
{"date": "2021-09", "monthly_sales": "123", "share_manufacturers": "0.54%", "sales_ranking_month": "414", "maker_ranking": "8", "ranking_compact_cars": "68"}
{"date": "2021-08", "monthly_sales": "328", "share_manufacturers": "1.50%", "sales_ranking_month": "360", "maker_ranking": "9", "ranking_compact_cars": "67"}
{"date": "2021-07", "monthly_sales": "260", "share_manufacturers": "0.53%", "sales_ranking_month": "351", "maker_ranking": "7", "ranking_compact_cars": "66"}
{"date": "2021-06", "monthly_sales": "219", "share_manufacturers": "1.09%", "sales_ranking_month": "374", "maker_ranking": "8", "ranking_compact_cars": "67"}
{"date": "2021-05", "monthly_sales": "181", "share_manufacturers": "1.37%", "sales_ranking_month": "390", "maker_ranking": "9", "ranking_compact_cars": "66"}
{"date": "2021-04", "monthly_sales": "185", "share_manufacturers": "1.34%", "sales_ranking_month": "382", "maker_ranking": "8", "ranking_compact_cars": "64"}
{"date": "2021-03", "monthly_sales": "124", "share_manufacturers": "0.54%", "sales_ranking_month": "401", "maker_ranking": "8", "ranking_compact_cars": "71"}
{"date": "2021-02", "monthly_sales": "87", "share_manufacturers": "0.77%", "sales_ranking_month": "377", "maker_ranking": "7", "ranking_compact_cars": "65"}
{"date": "2021-01", "monthly_sales": "260", "share_manufacturers": "100.00%", "sales_ranking_month": "371", "maker_ranking": "7", "ranking_compact_cars": "65"}
{"date": "2020-12", "monthly_sales": "277", "share_manufacturers": "100.00%", "sales_ranking_month": "399", "maker_ranking": "8", "ranking_compact_cars": "74"}
{"date": "2020-11", "monthly_sales": "277", "share_manufacturers": "100.00%", "sales_ranking_month": "393", "maker_ranking": "8", "ranking_compact_cars": "77"}
{"date": "2020-10", "monthly_sales": "153", "share_manufacturers": "100.00%", "sales_ranking_month": "413", "maker_ranking": "8", "ranking_compact_cars": "79"}
{"date": "2020-09", "monthly_sales": "53", "share_manufacturers": "100.00%", "sales_ranking_month": "443", "maker_ranking": "9", "ranking_compact_cars": "81"}
{"date": "2020-08", "monthly_sales": "60", "share_manufacturers": "0.30%", "sales_ranking_month": "438", "maker_ranking": "9", "ranking_compact_cars": "81"}
{"date": "2020-07", "monthly_sales": "169", "share_manufacturers": "1.12%", "sales_ranking_month": "390", "maker_ranking": "6", "ranking_compact_cars": "76"}
{"date": "2020-06", "monthly_sales": "89", "share_manufacturers": "0.28%", "sales_ranking_month": "418", "maker_ranking": "9", "ranking_compact_cars": "78"}
{"date": "2020-05", "monthly_sales": "95", "share_manufacturers": "0.28%", "sales_ranking_month": "431", "maker_ranking": "10", "ranking_compact_cars": "79"}
{"date": "2020-04", "monthly_sales": "--", "share_manufacturers": "--", "sales_ranking_month": "--", "maker_ranking": "--", "ranking_compact_cars": "--"}
{"date": "2020-03", "monthly_sales": "--", "share_manufacturers": "--", "sales_ranking_month": "--", "maker_ranking": "--", "ranking_compact_cars": "--"}
{"date": "2020-02", "monthly_sales": "--", "share_manufacturers": "--", "sales_ranking_month": "--", "maker_ranking": "--", "ranking_compact_cars": "--"}
{"date": "2020-01", "monthly_sales": "--", "share_manufacturers": "--", "sales_ranking_month": "--", "maker_ranking": "--", "ranking_compact_cars": "--"}
