{"date": null, "monthly_sales": null, "share_manufacturers": null, "sales_ranking_month": null, "maker_ranking": null, "ranking_compact_cars": null}
{"date": "2023-03", "monthly_sales": "997", "share_manufacturers": "11.19%", "sales_ranking_month": "269", "maker_ranking": "4", "ranking_compact_cars": "55"}
{"date": "2023-02", "monthly_sales": "1205", "share_manufacturers": "11.35%", "sales_ranking_month": "226", "maker_ranking": "4", "ranking_compact_cars": "48"}
{"date": "2023-01", "monthly_sales": "1283", "share_manufacturers": "13.64%", "sales_ranking_month": "211", "maker_ranking": "4", "ranking_compact_cars": "49"}
{"date": "2022-12", "monthly_sales": "1643", "share_manufacturers": "13.23%", "sales_ranking_month": "264", "maker_ranking": "3", "ranking_compact_cars": "55"}
{"date": "2022-11", "monthly_sales": "782", "share_manufacturers": "5.54%", "sales_ranking_month": "326", "maker_ranking": "5", "ranking_compact_cars": "64"}
{"date": "2022-10", "monthly_sales": "1054", "share_manufacturers": "6.23%", "sales_ranking_month": "298", "maker_ranking": "5", "ranking_compact_cars": "61"}
{"date": "2022-09", "monthly_sales": "1944", "share_manufacturers": "9.41%", "sales_ranking_month": "246", "maker_ranking": "5", "ranking_compact_cars": "55"}
{"date": "2022-08", "monthly_sales": "2577", "share_manufacturers": "25.13%", "sales_ranking_month": "195", "maker_ranking": "1", "ranking_compact_cars": "40"}
{"date": "2022-07", "monthly_sales": "1592", "share_manufacturers": "9.69%", "sales_ranking_month": "254", "maker_ranking": "4", "ranking_compact_cars": "55"}
{"date": "2022-06", "monthly_sales": "2415", "share_manufacturers": "14.82%", "sales_ranking_month": "199", "maker_ranking": "2", "ranking_compact_cars": "45"}
{"date": "2022-05", "monthly_sales": "973", "share_manufacturers": "10.47%", "sales_ranking_month": "281", "maker_ranking": "5", "ranking_compact_cars": "58"}
{"date": "2022-04", "monthly_sales": "465", "share_manufacturers": "6.71%", "sales_ranking_month": "284", "maker_ranking": "6", "ranking_compact_cars": "58"}
{"date": "2022-03", "monthly_sales": "1063", "share_manufacturers": "8.16%", "sales_ranking_month": "288", "maker_ranking": "7", "ranking_compact_cars": "63"}
{"date": "2022-02", "monthly_sales": "895", "share_manufacturers": "11.05%", "sales_ranking_month": "278", "maker_ranking": "4", "ranking_compact_cars": "60"}
{"date": "2022-01", "monthly_sales": "1222", "share_manufacturers": "6.76%", "sales_ranking_month": "277", "maker_ranking": "6", "ranking_compact_cars": "57"}
{"date": "2021-12", "monthly_sales": "2504", "share_manufacturers": "10.17%", "sales_ranking_month": "229", "maker_ranking": "6", "ranking_compact_cars": "45"}
{"date": "2021-11", "monthly_sales": "2394", "share_manufacturers": "9.42%", "sales_ranking_month": "212", "maker_ranking": "6", "ranking_compact_cars": "42"}
{"date": "2021-10", "monthly_sales": "2550", "share_manufacturers": "11.34%", "sales_ranking_month": "191", "maker_ranking": "6", "ranking_compact_cars": "38"}
{"date": "2021-09", "monthly_sales": "2224", "share_manufacturers": "9.70%", "sales_ranking_month": "185", "maker_ranking": "6", "ranking_compact_cars": "36"}
{"date": "2021-08", "monthly_sales": "2838", "share_manufacturers": "12.47%", "sales_ranking_month": "156", "maker_ranking": "5", "ranking_compact_cars": "33"}
{"date": "2021-07", "monthly_sales": "4166", "share_manufacturers": "22.60%", "sales_ranking_month": "113", "maker_ranking": "1", "ranking_compact_cars": "27"}
{"date": "2021-06", "monthly_sales": "141", "share_manufacturers": "1.00%", "sales_ranking_month": "401", "maker_ranking": "7", "ranking_compact_cars": "71"}
{"date": "2021-05", "monthly_sales": "170", "share_manufacturers": "1.27%", "sales_ranking_month": "393", "maker_ranking": "7", "ranking_compact_cars": "67"}
{"date": "2021-04", "monthly_sales": "418", "share_manufacturers": "4.15%", "sales_ranking_month": "338", "maker_ranking": "7", "ranking_compact_cars": "56"}
{"date": "2021-03", "monthly_sales": "2275", "share_manufacturers": "15.00%", "sales_ranking_month": "176", "maker_ranking": "4", "ranking_compact_cars": "33"}
{"date": "2021-02", "monthly_sales": "1672", "share_manufacturers": "20.41%", "sales_ranking_month": "146", "maker_ranking": "1", "ranking_compact_cars": "28"}
{"date": "2021-01", "monthly_sales": "3076", "share_manufacturers": "13.77%", "sales_ranking_month": "149", "maker_ranking": "4", "ranking_compact_cars": "27"}
{"date": "2020-12", "monthly_sales": "3387", "share_manufacturers": "13.20%", "sales_ranking_month": "174", "maker_ranking": "5", "ranking_compact_cars": "36"}
{"date": "2020-11", "monthly_sales": "3762", "share_manufacturers": "16.59%", "sales_ranking_month": "148", "maker_ranking": "2", "ranking_compact_cars": "34"}
{"date": "2020-10", "monthly_sales": "2589", "share_manufacturers": "12.58%", "sales_ranking_month": "199", "maker_ranking": "5", "ranking_compact_cars": "43"}
{"date": "2020-09", "monthly_sales": "3421", "share_manufacturers": "15.99%", "sales_ranking_month": "148", "maker_ranking": "2", "ranking_compact_cars": "33"}
{"date": "2020-08", "monthly_sales": "1814", "share_manufacturers": "11.52%", "sales_ranking_month": "199", "maker_ranking": "6", "ranking_compact_cars": "39"}
{"date": "2020-07", "monthly_sales": "2367", "share_manufacturers": "14.17%", "sales_ranking_month": "161", "maker_ranking": "2", "ranking_compact_cars": "35"}
{"date": "2020-06", "monthly_sales": "3567", "share_manufacturers": "19.00%", "sales_ranking_month": "133", "maker_ranking": "1", "ranking_compact_cars": "33"}
{"date": "2020-05", "monthly_sales": "4480", "share_manufacturers": "20.48%", "sales_ranking_month": "107", "maker_ranking": "3", "ranking_compact_cars": "26"}
{"date": "2020-04", "monthly_sales": "2888", "share_manufacturers": "15.90%", "sales_ranking_month": "134", "maker_ranking": "3", "ranking_compact_cars": "35"}
{"date": "2020-03", "monthly_sales": "1737", "share_manufacturers": "16.31%", "sales_ranking_month": "150", "maker_ranking": "2", "ranking_compact_cars": "37"}
{"date": "2020-02", "monthly_sales": "523", "share_manufacturers": "15.08%", "sales_ranking_month": "113", "maker_ranking": "3", "ranking_compact_cars": "28"}
{"date": "2020-01", "monthly_sales": "3972", "share_manufacturers": "26.01%", "sales_ranking_month": "116", "maker_ranking": "2", "ranking_compact_cars": "32"}
{"date": "2019-12", "monthly_sales": "4119", "share_manufacturers": "23.32%", "sales_ranking_month": "150", "maker_ranking": "2", "ranking_compact_cars": "44"}
{"date": "2019-11", "monthly_sales": "4370", "share_manufacturers": "23.24%", "sales_ranking_month": "132", "maker_ranking": "2", "ranking_compact_cars": "39"}
{"date": "2019-10", "monthly_sales": "5601", "share_manufacturers": "30.49%", "sales_ranking_month": "107", "maker_ranking": "2", "ranking_compact_cars": "33"}
{"date": "2019-09", "monthly_sales": "7232", "share_manufacturers": "34.61%", "sales_ranking_month": "80", "maker_ranking": "2", "ranking_compact_cars": "27"}
{"date": "2019-08", "monthly_sales": "4624", "share_manufacturers": "26.58%", "sales_ranking_month": "114", "maker_ranking": "3", "ranking_compact_cars": "34"}
{"date": "2019-07", "monthly_sales": "4571", "share_manufacturers": "25.30%", "sales_ranking_month": "109", "maker_ranking": "2", "ranking_compact_cars": "35"}
{"date": "2019-06", "monthly_sales": "4441", "share_manufacturers": "27.51%", "sales_ranking_month": "126", "maker_ranking": "2", "ranking_compact_cars": "40"}
{"date": "2019-05", "monthly_sales": "1647", "share_manufacturers": "22.20%", "sales_ranking_month": "217", "maker_ranking": "2", "ranking_compact_cars": "55"}
{"date": "2019-04", "monthly_sales": "3711", "share_manufacturers": "25.08%", "sales_ranking_month": "138", "maker_ranking": "2", "ranking_compact_cars": "45"}
{"date": "2019-03", "monthly_sales": "3279", "share_manufacturers": "21.48%", "sales_ranking_month": "166", "maker_ranking": "2", "ranking_compact_cars": "45"}
{"date": "2019-02", "monthly_sales": "1836", "share_manufacturers": "27.00%", "sales_ranking_month": "176", "maker_ranking": "2", "ranking_compact_cars": "46"}
