{"date": null, "monthly_sales": null, "share_manufacturers": null, "sales_ranking_month": null, "maker_ranking": null, "ranking_compact_cars": null}
{"date": "2023-03", "monthly_sales": "1689", "share_manufacturers": "27.59%", "sales_ranking_month": "207", "maker_ranking": "1", "ranking_compact_cars": "46"}
{"date": "2023-02", "monthly_sales": "2000", "share_manufacturers": "31.14%", "sales_ranking_month": "177", "maker_ranking": "1", "ranking_compact_cars": "40"}
{"date": "2023-01", "monthly_sales": "1997", "share_manufacturers": "32.20%", "sales_ranking_month": "163", "maker_ranking": "1", "ranking_compact_cars": "39"}
{"date": "2022-12", "monthly_sales": "1478", "share_manufacturers": "14.32%", "sales_ranking_month": "274", "maker_ranking": "3", "ranking_compact_cars": "59"}
{"date": "2022-11", "monthly_sales": "1872", "share_manufacturers": "19.40%", "sales_ranking_month": "229", "maker_ranking": "2", "ranking_compact_cars": "49"}
{"date": "2022-10", "monthly_sales": "1729", "share_manufacturers": "15.73%", "sales_ranking_month": "247", "maker_ranking": "2", "ranking_compact_cars": "54"}
{"date": "2022-09", "monthly_sales": "1731", "share_manufacturers": "15.30%", "sales_ranking_month": "258", "maker_ranking": "2", "ranking_compact_cars": "58"}
{"date": "2022-08", "monthly_sales": "1232", "share_manufacturers": "11.68%", "sales_ranking_month": "268", "maker_ranking": "3", "ranking_compact_cars": "53"}
{"date": "2022-07", "monthly_sales": "2054", "share_manufacturers": "13.94%", "sales_ranking_month": "230", "maker_ranking": "2", "ranking_compact_cars": "50"}
{"date": "2022-06", "monthly_sales": "1946", "share_manufacturers": "15.39%", "sales_ranking_month": "221", "maker_ranking": "2", "ranking_compact_cars": "50"}
{"date": "2022-05", "monthly_sales": "2047", "share_manufacturers": "25.33%", "sales_ranking_month": "180", "maker_ranking": "2", "ranking_compact_cars": "44"}
{"date": "2022-04", "monthly_sales": "1562", "share_manufacturers": "27.42%", "sales_ranking_month": "152", "maker_ranking": "2", "ranking_compact_cars": "40"}
{"date": "2022-03", "monthly_sales": "2169", "share_manufacturers": "19.45%", "sales_ranking_month": "205", "maker_ranking": "1", "ranking_compact_cars": "49"}
{"date": "2022-02", "monthly_sales": "1265", "share_manufacturers": "11.46%", "sales_ranking_month": "232", "maker_ranking": "6", "ranking_compact_cars": "55"}
{"date": "2022-01", "monthly_sales": "2041", "share_manufacturers": "14.85%", "sales_ranking_month": "225", "maker_ranking": "2", "ranking_compact_cars": "54"}
{"date": "2021-12", "monthly_sales": "1303", "share_manufacturers": "6.34%", "sales_ranking_month": "300", "maker_ranking": "6", "ranking_compact_cars": "56"}
{"date": "2021-11", "monthly_sales": "1163", "share_manufacturers": "7.90%", "sales_ranking_month": "295", "maker_ranking": "7", "ranking_compact_cars": "58"}
{"date": "2021-10", "monthly_sales": "550", "share_manufacturers": "4.02%", "sales_ranking_month": "347", "maker_ranking": "8", "ranking_compact_cars": "61"}
{"date": "2021-09", "monthly_sales": "333", "share_manufacturers": "3.58%", "sales_ranking_month": "359", "maker_ranking": "8", "ranking_compact_cars": "62"}
{"date": "2021-08", "monthly_sales": "1124", "share_manufacturers": "9.83%", "sales_ranking_month": "247", "maker_ranking": "5", "ranking_compact_cars": "53"}
{"date": "2021-07", "monthly_sales": "2076", "share_manufacturers": "15.22%", "sales_ranking_month": "177", "maker_ranking": "3", "ranking_compact_cars": "41"}
{"date": "2021-06", "monthly_sales": "1781", "share_manufacturers": "12.72%", "sales_ranking_month": "208", "maker_ranking": "4", "ranking_compact_cars": "41"}
{"date": "2021-05", "monthly_sales": "2907", "share_manufacturers": "21.46%", "sales_ranking_month": "160", "maker_ranking": "1", "ranking_compact_cars": "34"}
{"date": "2021-04", "monthly_sales": "2044", "share_manufacturers": "16.31%", "sales_ranking_month": "185", "maker_ranking": "3", "ranking_compact_cars": "35"}
{"date": "2021-03", "monthly_sales": "933", "share_manufacturers": "9.87%", "sales_ranking_month": "271", "maker_ranking": "6", "ranking_compact_cars": "46"}
{"date": "2021-02", "monthly_sales": "623", "share_manufacturers": "6.31%", "sales_ranking_month": "248", "maker_ranking": "6", "ranking_compact_cars": "45"}
{"date": "2021-01", "monthly_sales": "1066", "share_manufacturers": "5.24%", "sales_ranking_month": "263", "maker_ranking": "7", "ranking_compact_cars": "44"}
{"date": "2020-12", "monthly_sales": "948", "share_manufacturers": "4.17%", "sales_ranking_month": "313", "maker_ranking": "8", "ranking_compact_cars": "59"}
{"date": "2020-11", "monthly_sales": "2356", "share_manufacturers": "10.58%", "sales_ranking_month": "207", "maker_ranking": "5", "ranking_compact_cars": "44"}
{"date": "2020-10", "monthly_sales": "3105", "share_manufacturers": "11.23%", "sales_ranking_month": "172", "maker_ranking": "5", "ranking_compact_cars": "37"}
{"date": "2020-09", "monthly_sales": "2666", "share_manufacturers": "10.20%", "sales_ranking_month": "181", "maker_ranking": "4", "ranking_compact_cars": "38"}
{"date": "2020-08", "monthly_sales": "1399", "share_manufacturers": "6.86%", "sales_ranking_month": "231", "maker_ranking": "7", "ranking_compact_cars": "46"}
{"date": "2020-07", "monthly_sales": "3046", "share_manufacturers": "14.81%", "sales_ranking_month": "139", "maker_ranking": "3", "ranking_compact_cars": "34"}
{"date": "2020-06", "monthly_sales": "2442", "share_manufacturers": "10.99%", "sales_ranking_month": "172", "maker_ranking": "3", "ranking_compact_cars": "40"}
{"date": "2020-05", "monthly_sales": "1317", "share_manufacturers": "5.53%", "sales_ranking_month": "243", "maker_ranking": "6", "ranking_compact_cars": "48"}
{"date": "2020-04", "monthly_sales": "898", "share_manufacturers": "3.82%", "sales_ranking_month": "253", "maker_ranking": "7", "ranking_compact_cars": "50"}
{"date": "2020-03", "monthly_sales": "920", "share_manufacturers": "5.22%", "sales_ranking_month": "213", "maker_ranking": "5", "ranking_compact_cars": "46"}
{"date": "2020-02", "monthly_sales": "17", "share_manufacturers": "1.08%", "sales_ranking_month": "340", "maker_ranking": "5", "ranking_compact_cars": "69"}
{"date": "2020-01", "monthly_sales": "980", "share_manufacturers": "4.09%", "sales_ranking_month": "254", "maker_ranking": "6", "ranking_compact_cars": "56"}
{"date": "2019-12", "monthly_sales": "916", "share_manufacturers": "2.92%", "sales_ranking_month": "314", "maker_ranking": "5", "ranking_compact_cars": "71"}
{"date": "2019-11", "monthly_sales": "842", "share_manufacturers": "3.59%", "sales_ranking_month": "301", "maker_ranking": "6", "ranking_compact_cars": "66"}
{"date": "2019-10", "monthly_sales": "1833", "share_manufacturers": "7.48%", "sales_ranking_month": "230", "maker_ranking": "5", "ranking_compact_cars": "53"}
{"date": "2019-09", "monthly_sales": "2739", "share_manufacturers": "11.14%", "sales_ranking_month": "188", "maker_ranking": "5", "ranking_compact_cars": "50"}
{"date": "2019-08", "monthly_sales": "1676", "share_manufacturers": "7.78%", "sales_ranking_month": "220", "maker_ranking": "6", "ranking_compact_cars": "53"}
{"date": "2019-07", "monthly_sales": "410", "share_manufacturers": "1.98%", "sales_ranking_month": "328", "maker_ranking": "8", "ranking_compact_cars": "74"}
{"date": "2019-06", "monthly_sales": "410", "share_manufacturers": "1.85%", "sales_ranking_month": "351", "maker_ranking": "9", "ranking_compact_cars": "77"}
{"date": "2019-05", "monthly_sales": "535", "share_manufacturers": "3.16%", "sales_ranking_month": "325", "maker_ranking": "7", "ranking_compact_cars": "77"}
{"date": "2019-04", "monthly_sales": "412", "share_manufacturers": "1.82%", "sales_ranking_month": "335", "maker_ranking": "8", "ranking_compact_cars": "75"}
{"date": "2019-03", "monthly_sales": "22", "share_manufacturers": "0.07%", "sales_ranking_month": "489", "maker_ranking": "12", "ranking_compact_cars": "105"}
{"date": "2019-02", "monthly_sales": "13", "share_manufacturers": "0.06%", "sales_ranking_month": "470", "maker_ranking": "12", "ranking_compact_cars": "102"}
