{"date": null, "monthly_sales": null, "share_manufacturers": null, "sales_ranking_month": null, "maker_ranking": null, "ranking_compact_cars": null}
{"date": "2023-03", "monthly_sales": "8197", "share_manufacturers": "59.60%", "sales_ranking_month": "55", "maker_ranking": "1", "ranking_compact_cars": "14"}
{"date": "2023-02", "monthly_sales": "6816", "share_manufacturers": "68.20%", "sales_ranking_month": "67", "maker_ranking": "1", "ranking_compact_cars": "18"}
{"date": "2023-01", "monthly_sales": "6815", "share_manufacturers": "64.86%", "sales_ranking_month": "55", "maker_ranking": "1", "ranking_compact_cars": "15"}
{"date": "2022-12", "monthly_sales": "8930", "share_manufacturers": "50.45%", "sales_ranking_month": "75", "maker_ranking": "1", "ranking_compact_cars": "17"}
{"date": "2022-11", "monthly_sales": "5666", "share_manufacturers": "27.50%", "sales_ranking_month": "107", "maker_ranking": "1", "ranking_compact_cars": "27"}
{"date": "2022-10", "monthly_sales": "12636", "share_manufacturers": "60.78%", "sales_ranking_month": "48", "maker_ranking": "1", "ranking_compact_cars": "15"}
{"date": "2022-09", "monthly_sales": "5676", "share_manufacturers": "28.97%", "sales_ranking_month": "128", "maker_ranking": "1", "ranking_compact_cars": "29"}
{"date": "2022-08", "monthly_sales": "17418", "share_manufacturers": "65.69%", "sales_ranking_month": "29", "maker_ranking": "1", "ranking_compact_cars": "8"}
{"date": "2022-07", "monthly_sales": "4628", "share_manufacturers": "22.26%", "sales_ranking_month": "142", "maker_ranking": "2", "ranking_compact_cars": "30"}
{"date": "2022-06", "monthly_sales": "9577", "share_manufacturers": "40.15%", "sales_ranking_month": "68", "maker_ranking": "1", "ranking_compact_cars": "17"}
{"date": "2022-05", "monthly_sales": "8530", "share_manufacturers": "44.53%", "sales_ranking_month": "57", "maker_ranking": "1", "ranking_compact_cars": "17"}
{"date": "2022-04", "monthly_sales": "4890", "share_manufacturers": "98.33%", "sales_ranking_month": "55", "maker_ranking": "1", "ranking_compact_cars": "13"}
{"date": "2022-03", "monthly_sales": "13286", "share_manufacturers": "66.73%", "sales_ranking_month": "31", "maker_ranking": "1", "ranking_compact_cars": "13"}
{"date": "2022-02", "monthly_sales": "11490", "share_manufacturers": "69.19%", "sales_ranking_month": "27", "maker_ranking": "1", "ranking_compact_cars": "8"}
{"date": "2022-01", "monthly_sales": "10591", "share_manufacturers": "51.34%", "sales_ranking_month": "62", "maker_ranking": "1", "ranking_compact_cars": "16"}
{"date": "2021-12", "monthly_sales": "18883", "share_manufacturers": "42.89%", "sales_ranking_month": "26", "maker_ranking": "1", "ranking_compact_cars": "10"}
{"date": "2021-11", "monthly_sales": "14036", "share_manufacturers": "40.02%", "sales_ranking_month": "41", "maker_ranking": "1", "ranking_compact_cars": "12"}
{"date": "2021-10", "monthly_sales": "11478", "share_manufacturers": "40.41%", "sales_ranking_month": "48", "maker_ranking": "1", "ranking_compact_cars": "13"}
{"date": "2021-09", "monthly_sales": "8294", "share_manufacturers": "36.59%", "sales_ranking_month": "65", "maker_ranking": "1", "ranking_compact_cars": "18"}
{"date": "2021-08", "monthly_sales": "7718", "share_manufacturers": "35.32%", "sales_ranking_month": "60", "maker_ranking": "1", "ranking_compact_cars": "16"}
{"date": "2021-07", "monthly_sales": "5586", "share_manufacturers": "11.31%", "sales_ranking_month": "83", "maker_ranking": "1", "ranking_compact_cars": "21"}
{"date": "2021-06", "monthly_sales": "6041", "share_manufacturers": "30.06%", "sales_ranking_month": "81", "maker_ranking": "1", "ranking_compact_cars": "21"}
{"date": "2021-05", "monthly_sales": "1714", "share_manufacturers": "13.01%", "sales_ranking_month": "205", "maker_ranking": "3", "ranking_compact_cars": "38"}
{"date": "2021-04", "monthly_sales": "3158", "share_manufacturers": "22.80%", "sales_ranking_month": "146", "maker_ranking": "2", "ranking_compact_cars": "29"}
{"date": "2021-03", "monthly_sales": "6157", "share_manufacturers": "27.01%", "sales_ranking_month": "80", "maker_ranking": "1", "ranking_compact_cars": "18"}
{"date": "2021-02", "monthly_sales": "1379", "share_manufacturers": "12.22%", "sales_ranking_month": "167", "maker_ranking": "4", "ranking_compact_cars": "32"}
{"date": "2021-01", "monthly_sales": "1686", "share_manufacturers": "100.00%", "sales_ranking_month": "210", "maker_ranking": "5", "ranking_compact_cars": "38"}
{"date": "2020-12", "monthly_sales": "14167", "share_manufacturers": "100.00%", "sales_ranking_month": "45", "maker_ranking": "1", "ranking_compact_cars": "13"}
{"date": "2020-11", "monthly_sales": "14180", "share_manufacturers": "100.00%", "sales_ranking_month": "45", "maker_ranking": "1", "ranking_compact_cars": "13"}
{"date": "2020-10", "monthly_sales": "14371", "share_manufacturers": "100.00%", "sales_ranking_month": "37", "maker_ranking": "1", "ranking_compact_cars": "12"}
{"date": "2020-09", "monthly_sales": "13189", "share_manufacturers": "100.00%", "sales_ranking_month": "46", "maker_ranking": "1", "ranking_compact_cars": "13"}
{"date": "2020-08", "monthly_sales": "6064", "share_manufacturers": "30.09%", "sales_ranking_month": "86", "maker_ranking": "1", "ranking_compact_cars": "23"}
{"date": "2020-07", "monthly_sales": "4775", "share_manufacturers": "31.55%", "sales_ranking_month": "103", "maker_ranking": "1", "ranking_compact_cars": "25"}
{"date": "2020-06", "monthly_sales": "15386", "share_manufacturers": "48.61%", "sales_ranking_month": "28", "maker_ranking": "1", "ranking_compact_cars": "11"}
{"date": "2020-05", "monthly_sales": "18216", "share_manufacturers": "54.10%", "sales_ranking_month": "13", "maker_ranking": "1", "ranking_compact_cars": "10"}
{"date": "2020-04", "monthly_sales": "13308", "share_manufacturers": "52.48%", "sales_ranking_month": "27", "maker_ranking": "1", "ranking_compact_cars": "10"}
{"date": "2020-03", "monthly_sales": "2286", "share_manufacturers": "16.98%", "sales_ranking_month": "118", "maker_ranking": "4", "ranking_compact_cars": "33"}
{"date": "2020-02", "monthly_sales": "94", "share_manufacturers": "2.84%", "sales_ranking_month": "257", "maker_ranking": "5", "ranking_compact_cars": "56"}
{"date": "2020-01", "monthly_sales": "16988", "share_manufacturers": "45.93%", "sales_ranking_month": "14", "maker_ranking": "1", "ranking_compact_cars": "9"}
{"date": "2019-12", "monthly_sales": "9644", "share_manufacturers": "34.99%", "sales_ranking_month": "75", "maker_ranking": "1", "ranking_compact_cars": "18"}
{"date": "2019-11", "monthly_sales": "10006", "share_manufacturers": "32.11%", "sales_ranking_month": "64", "maker_ranking": "1", "ranking_compact_cars": "17"}
{"date": "2019-10", "monthly_sales": "13615", "share_manufacturers": "30.38%", "sales_ranking_month": "34", "maker_ranking": "1", "ranking_compact_cars": "12"}
{"date": "2019-09", "monthly_sales": "16183", "share_manufacturers": "36.17%", "sales_ranking_month": "25", "maker_ranking": "1", "ranking_compact_cars": "11"}
{"date": "2019-08", "monthly_sales": "14668", "share_manufacturers": "31.18%", "sales_ranking_month": "24", "maker_ranking": "1", "ranking_compact_cars": "9"}
{"date": "2019-07", "monthly_sales": "15555", "share_manufacturers": "38.35%", "sales_ranking_month": "16", "maker_ranking": "1", "ranking_compact_cars": "9"}
{"date": "2019-06", "monthly_sales": "17807", "share_manufacturers": "37.77%", "sales_ranking_month": "15", "maker_ranking": "1", "ranking_compact_cars": "10"}
{"date": "2019-05", "monthly_sales": "21439", "share_manufacturers": "30.44%", "sales_ranking_month": "8", "maker_ranking": "1", "ranking_compact_cars": "7"}
