{"date": null, "monthly_sales": null, "share_manufacturers": null, "sales_ranking_month": null, "maker_ranking": null, "ranking_compact_cars": null}
{"date": "2023-03", "monthly_sales": "3015", "share_manufacturers": "1.66%", "sales_ranking_month": "145", "maker_ranking": "11", "ranking_compact_cars": "33"}
{"date": "2023-02", "monthly_sales": "3106", "share_manufacturers": "1.83%", "sales_ranking_month": "127", "maker_ranking": "11", "ranking_compact_cars": "29"}
{"date": "2023-01", "monthly_sales": "2595", "share_manufacturers": "1.95%", "sales_ranking_month": "136", "maker_ranking": "11", "ranking_compact_cars": "33"}
{"date": "2022-12", "monthly_sales": "3057", "share_manufacturers": "1.35%", "sales_ranking_month": "195", "maker_ranking": "10", "ranking_compact_cars": "44"}
{"date": "2022-11", "monthly_sales": "2822", "share_manufacturers": "1.26%", "sales_ranking_month": "186", "maker_ranking": "9", "ranking_compact_cars": "46"}
{"date": "2022-10", "monthly_sales": "2475", "share_manufacturers": "1.14%", "sales_ranking_month": "208", "maker_ranking": "9", "ranking_compact_cars": "48"}
{"date": "2022-09", "monthly_sales": "3457", "share_manufacturers": "1.72%", "sales_ranking_month": "177", "maker_ranking": "9", "ranking_compact_cars": "40"}
{"date": "2022-08", "monthly_sales": "3823", "share_manufacturers": "2.20%", "sales_ranking_month": "154", "maker_ranking": "8", "ranking_compact_cars": "33"}
{"date": "2022-07", "monthly_sales": "4021", "share_manufacturers": "2.48%", "sales_ranking_month": "156", "maker_ranking": "8", "ranking_compact_cars": "35"}
{"date": "2022-06", "monthly_sales": "3243", "share_manufacturers": "2.42%", "sales_ranking_month": "174", "maker_ranking": "9", "ranking_compact_cars": "43"}
{"date": "2022-05", "monthly_sales": "2810", "share_manufacturers": "2.46%", "sales_ranking_month": "157", "maker_ranking": "9", "ranking_compact_cars": "40"}
{"date": "2022-04", "monthly_sales": "3228", "share_manufacturers": "3.06%", "sales_ranking_month": "85", "maker_ranking": "8", "ranking_compact_cars": "24"}
{"date": "2022-03", "monthly_sales": "1855", "share_manufacturers": "1.79%", "sales_ranking_month": "222", "maker_ranking": "9", "ranking_compact_cars": "52"}
{"date": "2022-02", "monthly_sales": "1995", "share_manufacturers": "2.26%", "sales_ranking_month": "183", "maker_ranking": "8", "ranking_compact_cars": "44"}
{"date": "2022-01", "monthly_sales": "1006", "share_manufacturers": "1.08%", "sales_ranking_month": "294", "maker_ranking": "9", "ranking_compact_cars": "60"}
{"date": "2021-12", "monthly_sales": "1656", "share_manufacturers": "1.69%", "sales_ranking_month": "270", "maker_ranking": "10", "ranking_compact_cars": "52"}
{"date": "2021-11", "monthly_sales": "1898", "share_manufacturers": "1.95%", "sales_ranking_month": "243", "maker_ranking": "9", "ranking_compact_cars": "50"}
{"date": "2021-10", "monthly_sales": "1817", "share_manufacturers": "2.04%", "sales_ranking_month": "230", "maker_ranking": "9", "ranking_compact_cars": "44"}
{"date": "2021-09", "monthly_sales": "1428", "share_manufacturers": "1.81%", "sales_ranking_month": "239", "maker_ranking": "10", "ranking_compact_cars": "48"}
{"date": "2021-08", "monthly_sales": "1708", "share_manufacturers": "2.72%", "sales_ranking_month": "198", "maker_ranking": "8", "ranking_compact_cars": "42"}
{"date": "2021-07", "monthly_sales": "2279", "share_manufacturers": "4.00%", "sales_ranking_month": "170", "maker_ranking": "8", "ranking_compact_cars": "40"}
{"date": "2021-06", "monthly_sales": "1968", "share_manufacturers": "3.95%", "sales_ranking_month": "193", "maker_ranking": "8", "ranking_compact_cars": "38"}
{"date": "2021-05", "monthly_sales": "1470", "share_manufacturers": "3.25%", "sales_ranking_month": "220", "maker_ranking": "9", "ranking_compact_cars": "40"}
{"date": "2021-04", "monthly_sales": "1085", "share_manufacturers": "2.43%", "sales_ranking_month": "258", "maker_ranking": "9", "ranking_compact_cars": "45"}
{"date": "2021-03", "monthly_sales": "1715", "share_manufacturers": "4.61%", "sales_ranking_month": "210", "maker_ranking": "7", "ranking_compact_cars": "37"}
{"date": "2021-02", "monthly_sales": "1196", "share_manufacturers": "6.12%", "sales_ranking_month": "178", "maker_ranking": "5", "ranking_compact_cars": "35"}
{"date": "2021-01", "monthly_sales": "1559", "share_manufacturers": "3.70%", "sales_ranking_month": "224", "maker_ranking": "5", "ranking_compact_cars": "39"}
{"date": "2020-12", "monthly_sales": "4446", "share_manufacturers": "8.07%", "sales_ranking_month": "142", "maker_ranking": "3", "ranking_compact_cars": "33"}
{"date": "2020-11", "monthly_sales": "4955", "share_manufacturers": "9.38%", "sales_ranking_month": "122", "maker_ranking": "3", "ranking_compact_cars": "29"}
{"date": "2020-10", "monthly_sales": "4535", "share_manufacturers": "9.74%", "sales_ranking_month": "125", "maker_ranking": "3", "ranking_compact_cars": "30"}
{"date": "2020-09", "monthly_sales": "4095", "share_manufacturers": "10.01%", "sales_ranking_month": "125", "maker_ranking": "3", "ranking_compact_cars": "32"}
{"date": "2020-08", "monthly_sales": "3029", "share_manufacturers": "10.09%", "sales_ranking_month": "147", "maker_ranking": "4", "ranking_compact_cars": "33"}
{"date": "2020-07", "monthly_sales": "3988", "share_manufacturers": "14.30%", "sales_ranking_month": "113", "maker_ranking": "2", "ranking_compact_cars": "28"}
{"date": "2020-06", "monthly_sales": "4883", "share_manufacturers": "15.39%", "sales_ranking_month": "104", "maker_ranking": "2", "ranking_compact_cars": "26"}
{"date": "2020-05", "monthly_sales": "3532", "share_manufacturers": "12.37%", "sales_ranking_month": "130", "maker_ranking": "2", "ranking_compact_cars": "33"}
{"date": "2020-04", "monthly_sales": "5632", "share_manufacturers": "18.12%", "sales_ranking_month": "81", "maker_ranking": "2", "ranking_compact_cars": "21"}
{"date": "2020-03", "monthly_sales": "5683", "share_manufacturers": "19.76%", "sales_ranking_month": "50", "maker_ranking": "2", "ranking_compact_cars": "14"}
{"date": "2020-02", "monthly_sales": "1531", "share_manufacturers": "29.46%", "sales_ranking_month": "43", "maker_ranking": "1", "ranking_compact_cars": "10"}
{"date": "2020-01", "monthly_sales": "1690", "share_manufacturers": "6.57%", "sales_ranking_month": "195", "maker_ranking": "3", "ranking_compact_cars": "48"}
{"date": "2019-12", "monthly_sales": "1669", "share_manufacturers": "4.26%", "sales_ranking_month": "252", "maker_ranking": "7", "ranking_compact_cars": "60"}
{"date": "2019-11", "monthly_sales": "1622", "share_manufacturers": "4.04%", "sales_ranking_month": "240", "maker_ranking": "7", "ranking_compact_cars": "58"}
