{"date": null, "monthly_sales": null, "share_manufacturers": null, "sales_ranking_month": null, "maker_ranking": null, "ranking_compact_cars": null}
{"date": "2023-03", "monthly_sales": "2036", "share_manufacturers": "3.30%", "sales_ranking_month": "191", "maker_ranking": "7", "ranking_compact_cars": "43"}
{"date": "2023-02", "monthly_sales": "3014", "share_manufacturers": "4.63%", "sales_ranking_month": "130", "maker_ranking": "7", "ranking_compact_cars": "30"}
{"date": "2023-01", "monthly_sales": "5062", "share_manufacturers": "7.50%", "sales_ranking_month": "85", "maker_ranking": "6", "ranking_compact_cars": "22"}
{"date": "2022-12", "monthly_sales": "5079", "share_manufacturers": "6.15%", "sales_ranking_month": "132", "maker_ranking": "6", "ranking_compact_cars": "33"}
{"date": "2022-11", "monthly_sales": "8009", "share_manufacturers": "8.46%", "sales_ranking_month": "73", "maker_ranking": "6", "ranking_compact_cars": "17"}
{"date": "2022-10", "monthly_sales": "8008", "share_manufacturers": "7.49%", "sales_ranking_month": "86", "maker_ranking": "6", "ranking_compact_cars": "25"}
{"date": "2022-09", "monthly_sales": "5560", "share_manufacturers": "6.72%", "sales_ranking_month": "131", "maker_ranking": "6", "ranking_compact_cars": "30"}
{"date": "2022-07", "monthly_sales": "7091", "share_manufacturers": "8.50%", "sales_ranking_month": "98", "maker_ranking": "5", "ranking_compact_cars": "23"}
{"date": "2022-06", "monthly_sales": "6093", "share_manufacturers": "6.64%", "sales_ranking_month": "116", "maker_ranking": "6", "ranking_compact_cars": "30"}
{"date": "2022-05", "monthly_sales": "4230", "share_manufacturers": "7.03%", "sales_ranking_month": "117", "maker_ranking": "6", "ranking_compact_cars": "31"}
{"date": "2022-04", "monthly_sales": "2707", "share_manufacturers": "5.51%", "sales_ranking_month": "101", "maker_ranking": "6", "ranking_compact_cars": "28"}
{"date": "2022-03", "monthly_sales": "2", "share_manufacturers": "0.00%", "sales_ranking_month": "492", "maker_ranking": "15", "ranking_compact_cars": "85"}
{"date": "2022-02", "monthly_sales": "1726", "share_manufacturers": "3.12%", "sales_ranking_month": "197", "maker_ranking": "8", "ranking_compact_cars": "47"}
{"date": "2022-01", "monthly_sales": "6478", "share_manufacturers": "5.77%", "sales_ranking_month": "98", "maker_ranking": "6", "ranking_compact_cars": "25"}
{"date": "2021-12", "monthly_sales": "5728", "share_manufacturers": "4.69%", "sales_ranking_month": "127", "maker_ranking": "8", "ranking_compact_cars": "28"}
{"date": "2021-11", "monthly_sales": "2273", "share_manufacturers": "2.20%", "sales_ranking_month": "217", "maker_ranking": "9", "ranking_compact_cars": "45"}
{"date": "2021-10", "monthly_sales": "3781", "share_manufacturers": "4.39%", "sales_ranking_month": "152", "maker_ranking": "7", "ranking_compact_cars": "33"}
{"date": "2021-09", "monthly_sales": "1885", "share_manufacturers": "2.23%", "sales_ranking_month": "205", "maker_ranking": "10", "ranking_compact_cars": "40"}
{"date": "2021-08", "monthly_sales": "1538", "share_manufacturers": "1.99%", "sales_ranking_month": "216", "maker_ranking": "12", "ranking_compact_cars": "46"}
{"date": "2021-07", "monthly_sales": "5149", "share_manufacturers": "6.50%", "sales_ranking_month": "94", "maker_ranking": "6", "ranking_compact_cars": "23"}
{"date": "2021-06", "monthly_sales": "2191", "share_manufacturers": "2.69%", "sales_ranking_month": "184", "maker_ranking": "10", "ranking_compact_cars": "35"}
{"date": "2021-05", "monthly_sales": "4168", "share_manufacturers": "5.44%", "sales_ranking_month": "118", "maker_ranking": "5", "ranking_compact_cars": "26"}
{"date": "2021-04", "monthly_sales": "6006", "share_manufacturers": "7.46%", "sales_ranking_month": "86", "maker_ranking": "5", "ranking_compact_cars": "18"}
{"date": "2021-03", "monthly_sales": "5604", "share_manufacturers": "6.78%", "sales_ranking_month": "89", "maker_ranking": "5", "ranking_compact_cars": "21"}
{"date": "2021-02", "monthly_sales": "6121", "share_manufacturers": "9.44%", "sales_ranking_month": "56", "maker_ranking": "5", "ranking_compact_cars": "14"}
{"date": "2021-01", "monthly_sales": "8186", "share_manufacturers": "6.31%", "sales_ranking_month": "72", "maker_ranking": "6", "ranking_compact_cars": "18"}
{"date": "2020-12", "monthly_sales": "6398", "share_manufacturers": "5.00%", "sales_ranking_month": "100", "maker_ranking": "8", "ranking_compact_cars": "25"}
{"date": "2020-11", "monthly_sales": "8563", "share_manufacturers": "6.81%", "sales_ranking_month": "75", "maker_ranking": "6", "ranking_compact_cars": "18"}
{"date": "2020-10", "monthly_sales": "7088", "share_manufacturers": "6.10%", "sales_ranking_month": "82", "maker_ranking": "6", "ranking_compact_cars": "21"}
{"date": "2020-09", "monthly_sales": "7066", "share_manufacturers": "6.90%", "sales_ranking_month": "80", "maker_ranking": "6", "ranking_compact_cars": "19"}
{"date": "2020-08", "monthly_sales": "5529", "share_manufacturers": "6.03%", "sales_ranking_month": "92", "maker_ranking": "7", "ranking_compact_cars": "25"}
{"date": "2020-07", "monthly_sales": "5379", "share_manufacturers": "6.22%", "sales_ranking_month": "92", "maker_ranking": "7", "ranking_compact_cars": "21"}
{"date": "2020-06", "monthly_sales": "6883", "share_manufacturers": "7.43%", "sales_ranking_month": "80", "maker_ranking": "7", "ranking_compact_cars": "20"}
{"date": "2020-05", "monthly_sales": "6068", "share_manufacturers": "6.51%", "sales_ranking_month": "77", "maker_ranking": "5", "ranking_compact_cars": "20"}
{"date": "2020-04", "monthly_sales": "8502", "share_manufacturers": "8.94%", "sales_ranking_month": "52", "maker_ranking": "4", "ranking_compact_cars": "15"}
{"date": "2020-03", "monthly_sales": "2095", "share_manufacturers": "3.26%", "sales_ranking_month": "128", "maker_ranking": "8", "ranking_compact_cars": "34"}
{"date": "2020-02", "monthly_sales": "1533", "share_manufacturers": "8.47%", "sales_ranking_month": "42", "maker_ranking": "5", "ranking_compact_cars": "9"}
{"date": "2020-01", "monthly_sales": "7256", "share_manufacturers": "7.15%", "sales_ranking_month": "68", "maker_ranking": "7", "ranking_compact_cars": "18"}
{"date": "2019-12", "monthly_sales": "8377", "share_manufacturers": "7.09%", "sales_ranking_month": "82", "maker_ranking": "7", "ranking_compact_cars": "22"}
{"date": "2019-11", "monthly_sales": "8288", "share_manufacturers": "6.76%", "sales_ranking_month": "78", "maker_ranking": "8", "ranking_compact_cars": "22"}
{"date": "2019-10", "monthly_sales": "7763", "share_manufacturers": "6.94%", "sales_ranking_month": "75", "maker_ranking": "6", "ranking_compact_cars": "20"}
{"date": "2019-09", "monthly_sales": "5890", "share_manufacturers": "6.08%", "sales_ranking_month": "99", "maker_ranking": "7", "ranking_compact_cars": "34"}
{"date": "2019-08", "monthly_sales": "5343", "share_manufacturers": "6.24%", "sales_ranking_month": "97", "maker_ranking": "7", "ranking_compact_cars": "30"}
{"date": "2019-07", "monthly_sales": "5120", "share_manufacturers": "6.39%", "sales_ranking_month": "89", "maker_ranking": "6", "ranking_compact_cars": "28"}
{"date": "2019-06", "monthly_sales": "5180", "share_manufacturers": "7.06%", "sales_ranking_month": "96", "maker_ranking": "4", "ranking_compact_cars": "30"}
{"date": "2019-05", "monthly_sales": "5035", "share_manufacturers": "6.68%", "sales_ranking_month": "96", "maker_ranking": "7", "ranking_compact_cars": "32"}
{"date": "2019-04", "monthly_sales": "6033", "share_manufacturers": "6.88%", "sales_ranking_month": "87", "maker_ranking": "9", "ranking_compact_cars": "26"}
{"date": "2019-03", "monthly_sales": "8017", "share_manufacturers": "7.33%", "sales_ranking_month": "76", "maker_ranking": "7", "ranking_compact_cars": "24"}
{"date": "2019-02", "monthly_sales": "6022", "share_manufacturers": "8.44%", "sales_ranking_month": "61", "maker_ranking": "6", "ranking_compact_cars": "21"}
{"date": "2019-01", "monthly_sales": "12480", "share_manufacturers": "8.56%", "sales_ranking_month": "48", "maker_ranking": "6", "ranking_compact_cars": "19"}
