{"date": null, "monthly_sales": null, "share_manufacturers": null, "sales_ranking_month": null, "maker_ranking": null, "ranking_compact_cars": null}
{"date": "2023-03", "monthly_sales": "3671", "share_manufacturers": "16.92%", "sales_ranking_month": "124", "maker_ranking": "2", "ranking_compact_cars": "28"}
{"date": "2023-02", "monthly_sales": "3225", "share_manufacturers": "18.94%", "sales_ranking_month": "122", "maker_ranking": "2", "ranking_compact_cars": "28"}
{"date": "2023-01", "monthly_sales": "3674", "share_manufacturers": "17.29%", "sales_ranking_month": "112", "maker_ranking": "3", "ranking_compact_cars": "27"}
{"date": "2022-12", "monthly_sales": "6119", "share_manufacturers": "11.81%", "sales_ranking_month": "115", "maker_ranking": "5", "ranking_compact_cars": "28"}
{"date": "2022-11", "monthly_sales": "5907", "share_manufacturers": "10.64%", "sales_ranking_month": "102", "maker_ranking": "5", "ranking_compact_cars": "26"}
{"date": "2022-10", "monthly_sales": "6071", "share_manufacturers": "8.37%", "sales_ranking_month": "111", "maker_ranking": "5", "ranking_compact_cars": "26"}
{"date": "2022-09", "monthly_sales": "9972", "share_manufacturers": "11.47%", "sales_ranking_month": "67", "maker_ranking": "4", "ranking_compact_cars": "15"}
{"date": "2022-08", "monthly_sales": "5982", "share_manufacturers": "6.38%", "sales_ranking_month": "108", "maker_ranking": "5", "ranking_compact_cars": "24"}
{"date": "2022-07", "monthly_sales": "8665", "share_manufacturers": "11.34%", "sales_ranking_month": "79", "maker_ranking": "5", "ranking_compact_cars": "17"}
{"date": "2022-06", "monthly_sales": "8394", "share_manufacturers": "15.17%", "sales_ranking_month": "81", "maker_ranking": "3", "ranking_compact_cars": "20"}
{"date": "2022-05", "monthly_sales": "6895", "share_manufacturers": "16.93%", "sales_ranking_month": "77", "maker_ranking": "4", "ranking_compact_cars": "20"}
{"date": "2022-04", "monthly_sales": "4152", "share_manufacturers": "15.63%", "sales_ranking_month": "65", "maker_ranking": "4", "ranking_compact_cars": "16"}
{"date": "2022-03", "monthly_sales": "4683", "share_manufacturers": "12.13%", "sales_ranking_month": "118", "maker_ranking": "5", "ranking_compact_cars": "28"}
{"date": "2022-02", "monthly_sales": "5190", "share_manufacturers": "15.96%", "sales_ranking_month": "81", "maker_ranking": "3", "ranking_compact_cars": "21"}
{"date": "2022-01", "monthly_sales": "5206", "share_manufacturers": "11.30%", "sales_ranking_month": "123", "maker_ranking": "5", "ranking_compact_cars": "28"}
{"date": "2021-12", "monthly_sales": "1914", "share_manufacturers": "3.30%", "sales_ranking_month": "256", "maker_ranking": "6", "ranking_compact_cars": "50"}
{"date": "2021-11", "monthly_sales": "2742", "share_manufacturers": "4.45%", "sales_ranking_month": "199", "maker_ranking": "6", "ranking_compact_cars": "41"}
{"date": "2021-10", "monthly_sales": "1357", "share_manufacturers": "2.46%", "sales_ranking_month": "261", "maker_ranking": "6", "ranking_compact_cars": "47"}
{"date": "2021-09", "monthly_sales": "2027", "share_manufacturers": "4.54%", "sales_ranking_month": "194", "maker_ranking": "6", "ranking_compact_cars": "39"}
{"date": "2021-08", "monthly_sales": "1506", "share_manufacturers": "4.84%", "sales_ranking_month": "221", "maker_ranking": "5", "ranking_compact_cars": "48"}
{"date": "2021-07", "monthly_sales": "1108", "share_manufacturers": "2.01%", "sales_ranking_month": "246", "maker_ranking": "5", "ranking_compact_cars": "51"}
{"date": "2021-06", "monthly_sales": "2523", "share_manufacturers": "5.06%", "sales_ranking_month": "169", "maker_ranking": "5", "ranking_compact_cars": "34"}
{"date": "2021-05", "monthly_sales": "1438", "share_manufacturers": "3.30%", "sales_ranking_month": "223", "maker_ranking": "5", "ranking_compact_cars": "42"}
{"date": "2021-04", "monthly_sales": "1730", "share_manufacturers": "3.23%", "sales_ranking_month": "203", "maker_ranking": "5", "ranking_compact_cars": "38"}
{"date": "2021-03", "monthly_sales": "1612", "share_manufacturers": "3.06%", "sales_ranking_month": "213", "maker_ranking": "4", "ranking_compact_cars": "38"}
{"date": "2021-02", "monthly_sales": "1352", "share_manufacturers": "3.99%", "sales_ranking_month": "171", "maker_ranking": "3", "ranking_compact_cars": "34"}
{"date": "2021-01", "monthly_sales": "1388", "share_manufacturers": "2.75%", "sales_ranking_month": "240", "maker_ranking": "4", "ranking_compact_cars": "43"}
{"date": "2020-12", "monthly_sales": "--", "share_manufacturers": "--", "sales_ranking_month": "--", "maker_ranking": "--", "ranking_compact_cars": "--"}
{"date": "2020-11", "monthly_sales": "--", "share_manufacturers": "--", "sales_ranking_month": "--", "maker_ranking": "--", "ranking_compact_cars": "--"}
{"date": "2020-10", "monthly_sales": "--", "share_manufacturers": "--", "sales_ranking_month": "--", "maker_ranking": "--", "ranking_compact_cars": "--"}
{"date": "2020-09", "monthly_sales": "--", "share_manufacturers": "--", "sales_ranking_month": "--", "maker_ranking": "--", "ranking_compact_cars": "--"}
{"date": "2020-08", "monthly_sales": "--", "share_manufacturers": "--", "sales_ranking_month": "--", "maker_ranking": "--", "ranking_compact_cars": "--"}
{"date": "2020-07", "monthly_sales": "--", "share_manufacturers": "--", "sales_ranking_month": "--", "maker_ranking": "--", "ranking_compact_cars": "--"}
{"date": "2020-06", "monthly_sales": "--", "share_manufacturers": "--", "sales_ranking_month": "--", "maker_ranking": "--", "ranking_compact_cars": "--"}
{"date": "2020-05", "monthly_sales": "--", "share_manufacturers": "--", "sales_ranking_month": "--", "maker_ranking": "--", "ranking_compact_cars": "--"}
{"date": "2020-04", "monthly_sales": "--", "share_manufacturers": "--", "sales_ranking_month": "--", "maker_ranking": "--", "ranking_compact_cars": "--"}
{"date": "2020-03", "monthly_sales": "--", "share_manufacturers": "--", "sales_ranking_month": "--", "maker_ranking": "--", "ranking_compact_cars": "--"}
{"date": "2020-02", "monthly_sales": "--", "share_manufacturers": "--", "sales_ranking_month": "--", "maker_ranking": "--", "ranking_compact_cars": "--"}
{"date": "2020-01", "monthly_sales": "--", "share_manufacturers": "--", "sales_ranking_month": "--", "maker_ranking": "--", "ranking_compact_cars": "--"}
{"date": "2019-12", "monthly_sales": "--", "share_manufacturers": "--", "sales_ranking_month": "--", "maker_ranking": "--", "ranking_compact_cars": "--"}
{"date": "2019-11", "monthly_sales": "970", "share_manufacturers": "2.26%", "sales_ranking_month": "291", "maker_ranking": "7", "ranking_compact_cars": "64"}
{"date": "2019-10", "monthly_sales": "6033", "share_manufacturers": "15.76%", "sales_ranking_month": "102", "maker_ranking": "3", "ranking_compact_cars": "31"}
{"date": "2019-09", "monthly_sales": "5263", "share_manufacturers": "14.66%", "sales_ranking_month": "112", "maker_ranking": "3", "ranking_compact_cars": "36"}
{"date": "2019-08", "monthly_sales": "4600", "share_manufacturers": "14.89%", "sales_ranking_month": "117", "maker_ranking": "3", "ranking_compact_cars": "35"}
{"date": "2019-07", "monthly_sales": "4092", "share_manufacturers": "15.17%", "sales_ranking_month": "124", "maker_ranking": "4", "ranking_compact_cars": "40"}
{"date": "2019-06", "monthly_sales": "3659", "share_manufacturers": "14.33%", "sales_ranking_month": "155", "maker_ranking": "4", "ranking_compact_cars": "49"}
{"date": "2019-05", "monthly_sales": "4133", "share_manufacturers": "16.38%", "sales_ranking_month": "119", "maker_ranking": "2", "ranking_compact_cars": "38"}
{"date": "2019-04", "monthly_sales": "5706", "share_manufacturers": "19.03%", "sales_ranking_month": "94", "maker_ranking": "2", "ranking_compact_cars": "29"}
{"date": "2019-03", "monthly_sales": "5838", "share_manufacturers": "16.88%", "sales_ranking_month": "112", "maker_ranking": "2", "ranking_compact_cars": "33"}
{"date": "2019-02", "monthly_sales": "4676", "share_manufacturers": "23.41%", "sales_ranking_month": "79", "maker_ranking": "2", "ranking_compact_cars": "25"}
