{"date": null, "monthly_sales": null, "share_manufacturers": null, "sales_ranking_month": null, "maker_ranking": null, "ranking_compact_cars": null}
{"date": "2023-03", "monthly_sales": "75", "share_manufacturers": "0.20%", "sales_ranking_month": "482", "maker_ranking": "11", "ranking_compact_cars": "80"}
{"date": "2023-02", "monthly_sales": "434", "share_manufacturers": "1.31%", "sales_ranking_month": "349", "maker_ranking": "9", "ranking_compact_cars": "67"}
{"date": "2023-01", "monthly_sales": "3046", "share_manufacturers": "8.70%", "sales_ranking_month": "123", "maker_ranking": "5", "ranking_compact_cars": "29"}
{"date": "2022-12", "monthly_sales": "1", "share_manufacturers": "0.00%", "sales_ranking_month": "529", "maker_ranking": "11", "ranking_compact_cars": "85"}
{"date": "2022-11", "monthly_sales": "2", "share_manufacturers": "0.00%", "sales_ranking_month": "529", "maker_ranking": "12", "ranking_compact_cars": "87"}
{"date": "2022-10", "monthly_sales": "1", "share_manufacturers": "0.00%", "sales_ranking_month": "528", "maker_ranking": "10", "ranking_compact_cars": "88"}
{"date": "2022-07", "monthly_sales": "2355", "share_manufacturers": "3.36%", "sales_ranking_month": "217", "maker_ranking": "8", "ranking_compact_cars": "46"}
{"date": "2022-06", "monthly_sales": "18048", "share_manufacturers": "23.79%", "sales_ranking_month": "24", "maker_ranking": "2", "ranking_compact_cars": "8"}
{"date": "2022-05", "monthly_sales": "10969", "share_manufacturers": "21.51%", "sales_ranking_month": "37", "maker_ranking": "3", "ranking_compact_cars": "11"}
{"date": "2022-04", "monthly_sales": "3171", "share_manufacturers": "19.23%", "sales_ranking_month": "87", "maker_ranking": "2", "ranking_compact_cars": "25"}
{"date": "2022-03", "monthly_sales": "14159", "share_manufacturers": "24.79%", "sales_ranking_month": "25", "maker_ranking": "1", "ranking_compact_cars": "10"}
{"date": "2022-02", "monthly_sales": "8603", "share_manufacturers": "20.46%", "sales_ranking_month": "52", "maker_ranking": "3", "ranking_compact_cars": "13"}
{"date": "2022-01", "monthly_sales": "6435", "share_manufacturers": "10.38%", "sales_ranking_month": "100", "maker_ranking": "5", "ranking_compact_cars": "26"}
{"date": "2021-12", "monthly_sales": "21407", "share_manufacturers": "23.57%", "sales_ranking_month": "17", "maker_ranking": "1", "ranking_compact_cars": "9"}
{"date": "2021-11", "monthly_sales": "20676", "share_manufacturers": "25.48%", "sales_ranking_month": "18", "maker_ranking": "2", "ranking_compact_cars": "9"}
{"date": "2021-10", "monthly_sales": "25432", "share_manufacturers": "30.97%", "sales_ranking_month": "10", "maker_ranking": "1", "ranking_compact_cars": "5"}
{"date": "2021-09", "monthly_sales": "37739", "share_manufacturers": "44.79%", "sales_ranking_month": "1", "maker_ranking": "1", "ranking_compact_cars": "1"}
{"date": "2021-08", "monthly_sales": "25299", "share_manufacturers": "39.31%", "sales_ranking_month": "6", "maker_ranking": "1", "ranking_compact_cars": "3"}
{"date": "2021-07", "monthly_sales": "10974", "share_manufacturers": "18.82%", "sales_ranking_month": "28", "maker_ranking": "3", "ranking_compact_cars": "9"}
{"date": "2021-06", "monthly_sales": "12095", "share_manufacturers": "27.79%", "sales_ranking_month": "25", "maker_ranking": "2", "ranking_compact_cars": "9"}
{"date": "2021-05", "monthly_sales": "7258", "share_manufacturers": "17.82%", "sales_ranking_month": "68", "maker_ranking": "4", "ranking_compact_cars": "14"}
{"date": "2021-04", "monthly_sales": "11102", "share_manufacturers": "26.83%", "sales_ranking_month": "42", "maker_ranking": "2", "ranking_compact_cars": "10"}
{"date": "2021-03", "monthly_sales": "38047", "share_manufacturers": "51.14%", "sales_ranking_month": "4", "maker_ranking": "1", "ranking_compact_cars": "3"}
{"date": "2021-02", "monthly_sales": "25590", "share_manufacturers": "54.62%", "sales_ranking_month": "3", "maker_ranking": "1", "ranking_compact_cars": "2"}
{"date": "2021-01", "monthly_sales": "27398", "share_manufacturers": "35.72%", "sales_ranking_month": "11", "maker_ranking": "1", "ranking_compact_cars": "7"}
{"date": "2020-12", "monthly_sales": "42233", "share_manufacturers": "36.87%", "sales_ranking_month": "3", "maker_ranking": "1", "ranking_compact_cars": "2"}
{"date": "2020-11", "monthly_sales": "40440", "share_manufacturers": "40.68%", "sales_ranking_month": "5", "maker_ranking": "1", "ranking_compact_cars": "4"}
{"date": "2020-10", "monthly_sales": "33789", "share_manufacturers": "38.16%", "sales_ranking_month": "6", "maker_ranking": "1", "ranking_compact_cars": "5"}
{"date": "2020-09", "monthly_sales": "31836", "share_manufacturers": "36.41%", "sales_ranking_month": "8", "maker_ranking": "1", "ranking_compact_cars": "6"}
{"date": "2020-08", "monthly_sales": "29704", "share_manufacturers": "34.44%", "sales_ranking_month": "3", "maker_ranking": "1", "ranking_compact_cars": "3"}
{"date": "2020-07", "monthly_sales": "17305", "share_manufacturers": "22.62%", "sales_ranking_month": "16", "maker_ranking": "1", "ranking_compact_cars": "8"}
{"date": "2020-06", "monthly_sales": "22666", "share_manufacturers": "29.94%", "sales_ranking_month": "7", "maker_ranking": "1", "ranking_compact_cars": "6"}
{"date": "2020-05", "monthly_sales": "28517", "share_manufacturers": "34.95%", "sales_ranking_month": "4", "maker_ranking": "1", "ranking_compact_cars": "4"}
{"date": "2020-04", "monthly_sales": "30643", "share_manufacturers": "47.24%", "sales_ranking_month": "3", "maker_ranking": "1", "ranking_compact_cars": "3"}
{"date": "2020-03", "monthly_sales": "8646", "share_manufacturers": "32.60%", "sales_ranking_month": "26", "maker_ranking": "1", "ranking_compact_cars": "9"}
{"date": "2020-02", "monthly_sales": "--", "share_manufacturers": "--", "sales_ranking_month": "--", "maker_ranking": "--", "ranking_compact_cars": "--"}
{"date": "2020-01", "monthly_sales": "10086", "share_manufacturers": "14.68%", "sales_ranking_month": "53", "maker_ranking": "4", "ranking_compact_cars": "13"}
{"date": "2019-12", "monthly_sales": "26083", "share_manufacturers": "33.32%", "sales_ranking_month": "10", "maker_ranking": "1", "ranking_compact_cars": "7"}
{"date": "2019-11", "monthly_sales": "18296", "share_manufacturers": "25.79%", "sales_ranking_month": "20", "maker_ranking": "1", "ranking_compact_cars": "9"}
{"date": "2019-10", "monthly_sales": "16363", "share_manufacturers": "21.07%", "sales_ranking_month": "21", "maker_ranking": "1", "ranking_compact_cars": "10"}
{"date": "2019-09", "monthly_sales": "24875", "share_manufacturers": "32.34%", "sales_ranking_month": "8", "maker_ranking": "1", "ranking_compact_cars": "6"}
{"date": "2019-08", "monthly_sales": "26555", "share_manufacturers": "37.83%", "sales_ranking_month": "5", "maker_ranking": "1", "ranking_compact_cars": "5"}
{"date": "2019-07", "monthly_sales": "14989", "share_manufacturers": "26.82%", "sales_ranking_month": "18", "maker_ranking": "1", "ranking_compact_cars": "10"}
{"date": "2019-06", "monthly_sales": "24973", "share_manufacturers": "35.96%", "sales_ranking_month": "6", "maker_ranking": "1", "ranking_compact_cars": "5"}
{"date": "2019-05", "monthly_sales": "31204", "share_manufacturers": "43.77%", "sales_ranking_month": "5", "maker_ranking": "1", "ranking_compact_cars": "3"}
{"date": "2019-04", "monthly_sales": "12598", "share_manufacturers": "19.73%", "sales_ranking_month": "26", "maker_ranking": "1", "ranking_compact_cars": "11"}
{"date": "2019-03", "monthly_sales": "25966", "share_manufacturers": "29.66%", "sales_ranking_month": "6", "maker_ranking": "1", "ranking_compact_cars": "4"}
{"date": "2019-02", "monthly_sales": "22756", "share_manufacturers": "36.82%", "sales_ranking_month": "5", "maker_ranking": "1", "ranking_compact_cars": "3"}
{"date": "2019-01", "monthly_sales": "34622", "share_manufacturers": "37.19%", "sales_ranking_month": "6", "maker_ranking": "1", "ranking_compact_cars": "4"}
{"date": "2018-12", "monthly_sales": "18531", "share_manufacturers": "21.34%", "sales_ranking_month": "19", "maker_ranking": "1", "ranking_compact_cars": "11"}
