{"date": null, "monthly_sales": null, "share_manufacturers": null, "sales_ranking_month": null, "maker_ranking": null, "ranking_compact_cars": null}
{"date": "2023-03", "monthly_sales": "2783", "share_manufacturers": "23.69%", "sales_ranking_month": "153", "maker_ranking": "2", "ranking_compact_cars": "36"}
{"date": "2023-02", "monthly_sales": "7071", "share_manufacturers": "47.74%", "sales_ranking_month": "63", "maker_ranking": "1", "ranking_compact_cars": "17"}
{"date": "2023-01", "monthly_sales": "6501", "share_manufacturers": "41.24%", "sales_ranking_month": "61", "maker_ranking": "1", "ranking_compact_cars": "17"}
{"date": "2022-12", "monthly_sales": "1839", "share_manufacturers": "11.37%", "sales_ranking_month": "247", "maker_ranking": "5", "ranking_compact_cars": "53"}
{"date": "2022-11", "monthly_sales": "1231", "share_manufacturers": "10.01%", "sales_ranking_month": "278", "maker_ranking": "4", "ranking_compact_cars": "61"}
{"date": "2022-10", "monthly_sales": "3443", "share_manufacturers": "17.51%", "sales_ranking_month": "169", "maker_ranking": "2", "ranking_compact_cars": "42"}
{"date": "2022-09", "monthly_sales": "5489", "share_manufacturers": "22.76%", "sales_ranking_month": "132", "maker_ranking": "2", "ranking_compact_cars": "31"}
{"date": "2022-08", "monthly_sales": "7171", "share_manufacturers": "22.77%", "sales_ranking_month": "90", "maker_ranking": "2", "ranking_compact_cars": "21"}
{"date": "2022-07", "monthly_sales": "9152", "share_manufacturers": "32.12%", "sales_ranking_month": "72", "maker_ranking": "2", "ranking_compact_cars": "15"}
{"date": "2022-06", "monthly_sales": "9984", "share_manufacturers": "35.26%", "sales_ranking_month": "63", "maker_ranking": "1", "ranking_compact_cars": "16"}
{"date": "2022-05", "monthly_sales": "2721", "share_manufacturers": "10.90%", "sales_ranking_month": "158", "maker_ranking": "5", "ranking_compact_cars": "41"}
{"date": "2022-04", "monthly_sales": "2074", "share_manufacturers": "26.98%", "sales_ranking_month": "121", "maker_ranking": "1", "ranking_compact_cars": "34"}
{"date": "2022-03", "monthly_sales": "7327", "share_manufacturers": "25.67%", "sales_ranking_month": "78", "maker_ranking": "2", "ranking_compact_cars": "19"}
{"date": "2022-02", "monthly_sales": "7499", "share_manufacturers": "28.99%", "sales_ranking_month": "60", "maker_ranking": "2", "ranking_compact_cars": "15"}
{"date": "2022-01", "monthly_sales": "10940", "share_manufacturers": "28.49%", "sales_ranking_month": "59", "maker_ranking": "2", "ranking_compact_cars": "15"}
{"date": "2020-08", "monthly_sales": "10010", "share_manufacturers": "22.88%", "sales_ranking_month": "58", "maker_ranking": "3", "ranking_compact_cars": "15"}
{"date": "2020-07", "monthly_sales": "14141", "share_manufacturers": "28.14%", "sales_ranking_month": "35", "maker_ranking": "3", "ranking_compact_cars": "--"}
{"date": "2020-06", "monthly_sales": "11591", "share_manufacturers": "100.00%", "sales_ranking_month": "45", "maker_ranking": "3", "ranking_compact_cars": "--"}
{"date": "2020-05", "monthly_sales": "--", "share_manufacturers": "--", "sales_ranking_month": "--", "maker_ranking": "--", "ranking_compact_cars": "--"}
{"date": "2020-04", "monthly_sales": "7908", "share_manufacturers": "30.67%", "sales_ranking_month": "56", "maker_ranking": "1", "ranking_compact_cars": "17"}
{"date": "2020-03", "monthly_sales": "4838", "share_manufacturers": "31.62%", "sales_ranking_month": "66", "maker_ranking": "2", "ranking_compact_cars": "17"}
{"date": "2020-02", "monthly_sales": "448", "share_manufacturers": "9.47%", "sales_ranking_month": "127", "maker_ranking": "3", "ranking_compact_cars": "32"}
{"date": "2020-01", "monthly_sales": "14526", "share_manufacturers": "36.47%", "sales_ranking_month": "21", "maker_ranking": "1", "ranking_compact_cars": "11"}
{"date": "2019-12", "monthly_sales": "11479", "share_manufacturers": "25.03%", "sales_ranking_month": "55", "maker_ranking": "1", "ranking_compact_cars": "15"}
{"date": "2019-11", "monthly_sales": "10042", "share_manufacturers": "26.57%", "sales_ranking_month": "63", "maker_ranking": "2", "ranking_compact_cars": "16"}
{"date": "2019-10", "monthly_sales": "8677", "share_manufacturers": "23.14%", "sales_ranking_month": "69", "maker_ranking": "3", "ranking_compact_cars": "19"}
{"date": "2019-09", "monthly_sales": "9677", "share_manufacturers": "25.57%", "sales_ranking_month": "57", "maker_ranking": "2", "ranking_compact_cars": "17"}
{"date": "2019-08", "monthly_sales": "6206", "share_manufacturers": "20.38%", "sales_ranking_month": "85", "maker_ranking": "2", "ranking_compact_cars": "27"}
{"date": "2019-07", "monthly_sales": "8060", "share_manufacturers": "24.37%", "sales_ranking_month": "59", "maker_ranking": "2", "ranking_compact_cars": "18"}
{"date": "2019-06", "monthly_sales": "6512", "share_manufacturers": "22.08%", "sales_ranking_month": "78", "maker_ranking": "2", "ranking_compact_cars": "24"}
{"date": "2019-05", "monthly_sales": "11509", "share_manufacturers": "32.57%", "sales_ranking_month": "32", "maker_ranking": "1", "ranking_compact_cars": "12"}
{"date": "2019-04", "monthly_sales": "9148", "share_manufacturers": "19.92%", "sales_ranking_month": "48", "maker_ranking": "3", "ranking_compact_cars": "18"}
{"date": "2019-03", "monthly_sales": "14973", "share_manufacturers": "31.31%", "sales_ranking_month": "26", "maker_ranking": "2", "ranking_compact_cars": "14"}
{"date": "2019-02", "monthly_sales": "12850", "share_manufacturers": "46.81%", "sales_ranking_month": "13", "maker_ranking": "1", "ranking_compact_cars": "10"}
{"date": "2019-01", "monthly_sales": "19262", "share_manufacturers": "46.60%", "sales_ranking_month": "20", "maker_ranking": "2", "ranking_compact_cars": "13"}
{"date": "2018-12", "monthly_sales": "17170", "share_manufacturers": "36.08%", "sales_ranking_month": "24", "maker_ranking": "2", "ranking_compact_cars": "14"}
{"date": "2018-11", "monthly_sales": "11799", "share_manufacturers": "27.49%", "sales_ranking_month": "55", "maker_ranking": "3", "ranking_compact_cars": "21"}
{"date": "2018-10", "monthly_sales": "2758", "share_manufacturers": "6.77%", "sales_ranking_month": "205", "maker_ranking": "6", "ranking_compact_cars": "53"}
