{"date": null, "monthly_sales": null, "share_manufacturers": null, "sales_ranking_month": null, "maker_ranking": null, "ranking_compact_cars": null}
{"date": "2023-03", "monthly_sales": "1102", "share_manufacturers": "9.38%", "sales_ranking_month": "251", "maker_ranking": "3", "ranking_compact_cars": "50"}
{"date": "2023-02", "monthly_sales": "681", "share_manufacturers": "4.60%", "sales_ranking_month": "300", "maker_ranking": "4", "ranking_compact_cars": "63"}
{"date": "2023-01", "monthly_sales": "87", "share_manufacturers": "0.55%", "sales_ranking_month": "446", "maker_ranking": "10", "ranking_compact_cars": "77"}
{"date": "2022-12", "monthly_sales": "4747", "share_manufacturers": "29.34%", "sales_ranking_month": "142", "maker_ranking": "1", "ranking_compact_cars": "36"}
{"date": "2022-11", "monthly_sales": "3039", "share_manufacturers": "24.72%", "sales_ranking_month": "174", "maker_ranking": "2", "ranking_compact_cars": "43"}
{"date": "2022-10", "monthly_sales": "3156", "share_manufacturers": "16.05%", "sales_ranking_month": "180", "maker_ranking": "3", "ranking_compact_cars": "43"}
{"date": "2022-09", "monthly_sales": "3537", "share_manufacturers": "14.67%", "sales_ranking_month": "173", "maker_ranking": "3", "ranking_compact_cars": "38"}
{"date": "2022-08", "monthly_sales": "3145", "share_manufacturers": "9.99%", "sales_ranking_month": "175", "maker_ranking": "4", "ranking_compact_cars": "37"}
{"date": "2022-07", "monthly_sales": "3000", "share_manufacturers": "10.53%", "sales_ranking_month": "187", "maker_ranking": "4", "ranking_compact_cars": "42"}
{"date": "2022-06", "monthly_sales": "1824", "share_manufacturers": "6.44%", "sales_ranking_month": "231", "maker_ranking": "4", "ranking_compact_cars": "51"}
{"date": "2022-05", "monthly_sales": "4747", "share_manufacturers": "19.01%", "sales_ranking_month": "104", "maker_ranking": "2", "ranking_compact_cars": "25"}
{"date": "2022-04", "monthly_sales": "751", "share_manufacturers": "9.77%", "sales_ranking_month": "229", "maker_ranking": "4", "ranking_compact_cars": "51"}
{"date": "2022-03", "monthly_sales": "3145", "share_manufacturers": "11.02%", "sales_ranking_month": "159", "maker_ranking": "3", "ranking_compact_cars": "37"}
{"date": "2022-02", "monthly_sales": "2104", "share_manufacturers": "8.13%", "sales_ranking_month": "172", "maker_ranking": "3", "ranking_compact_cars": "41"}
{"date": "2022-01", "monthly_sales": "3353", "share_manufacturers": "8.73%", "sales_ranking_month": "175", "maker_ranking": "4", "ranking_compact_cars": "42"}
{"date": "2021-12", "monthly_sales": "21862", "share_manufacturers": "59.50%", "sales_ranking_month": "15", "maker_ranking": "1", "ranking_compact_cars": "8"}
{"date": "2021-11", "monthly_sales": "19575", "share_manufacturers": "51.96%", "sales_ranking_month": "22", "maker_ranking": "1", "ranking_compact_cars": "10"}
{"date": "2021-10", "monthly_sales": "21021", "share_manufacturers": "42.63%", "sales_ranking_month": "14", "maker_ranking": "1", "ranking_compact_cars": "6"}
{"date": "2021-09", "monthly_sales": "18372", "share_manufacturers": "50.61%", "sales_ranking_month": "11", "maker_ranking": "1", "ranking_compact_cars": "4"}
{"date": "2021-08", "monthly_sales": "14773", "share_manufacturers": "47.19%", "sales_ranking_month": "16", "maker_ranking": "1", "ranking_compact_cars": "6"}
{"date": "2021-07", "monthly_sales": "7332", "share_manufacturers": "32.20%", "sales_ranking_month": "56", "maker_ranking": "1", "ranking_compact_cars": "15"}
{"date": "2021-06", "monthly_sales": "11929", "share_manufacturers": "53.28%", "sales_ranking_month": "26", "maker_ranking": "1", "ranking_compact_cars": "10"}
{"date": "2021-05", "monthly_sales": "14315", "share_manufacturers": "48.15%", "sales_ranking_month": "20", "maker_ranking": "1", "ranking_compact_cars": "7"}
{"date": "2021-04", "monthly_sales": "10658", "share_manufacturers": "34.69%", "sales_ranking_month": "44", "maker_ranking": "1", "ranking_compact_cars": "11"}
{"date": "2021-03", "monthly_sales": "14528", "share_manufacturers": "51.13%", "sales_ranking_month": "32", "maker_ranking": "1", "ranking_compact_cars": "9"}
{"date": "2021-02", "monthly_sales": "6461", "share_manufacturers": "50.43%", "sales_ranking_month": "54", "maker_ranking": "1", "ranking_compact_cars": "13"}
{"date": "2021-01", "monthly_sales": "13507", "share_manufacturers": "36.09%", "sales_ranking_month": "47", "maker_ranking": "1", "ranking_compact_cars": "14"}
{"date": "2020-12", "monthly_sales": "17473", "share_manufacturers": "31.38%", "sales_ranking_month": "32", "maker_ranking": "1", "ranking_compact_cars": "11"}
{"date": "2020-11", "monthly_sales": "16163", "share_manufacturers": "38.33%", "sales_ranking_month": "34", "maker_ranking": "1", "ranking_compact_cars": "12"}
{"date": "2020-10", "monthly_sales": "16490", "share_manufacturers": "37.22%", "sales_ranking_month": "24", "maker_ranking": "1", "ranking_compact_cars": "10"}
{"date": "2020-09", "monthly_sales": "13722", "share_manufacturers": "32.77%", "sales_ranking_month": "43", "maker_ranking": "2", "ranking_compact_cars": "12"}
{"date": "2020-08", "monthly_sales": "12206", "share_manufacturers": "27.90%", "sales_ranking_month": "42", "maker_ranking": "2", "ranking_compact_cars": "12"}
{"date": "2020-07", "monthly_sales": "14141", "share_manufacturers": "28.14%", "sales_ranking_month": "34", "maker_ranking": "2", "ranking_compact_cars": "12"}
{"date": "2020-06", "monthly_sales": "13178", "share_manufacturers": "37.84%", "sales_ranking_month": "36", "maker_ranking": "1", "ranking_compact_cars": "13"}
{"date": "2020-05", "monthly_sales": "14525", "share_manufacturers": "39.20%", "sales_ranking_month": "29", "maker_ranking": "1", "ranking_compact_cars": "12"}
{"date": "2020-04", "monthly_sales": "450", "share_manufacturers": "1.75%", "sales_ranking_month": "311", "maker_ranking": "9", "ranking_compact_cars": "62"}
{"date": "2020-03", "monthly_sales": "804", "share_manufacturers": "5.25%", "sales_ranking_month": "229", "maker_ranking": "5", "ranking_compact_cars": "49"}
{"date": "2020-02", "monthly_sales": "277", "share_manufacturers": "5.85%", "sales_ranking_month": "175", "maker_ranking": "6", "ranking_compact_cars": "43"}
{"date": "2020-01", "monthly_sales": "3068", "share_manufacturers": "7.70%", "sales_ranking_month": "144", "maker_ranking": "5", "ranking_compact_cars": "40"}
{"date": "2019-12", "monthly_sales": "5457", "share_manufacturers": "11.90%", "sales_ranking_month": "123", "maker_ranking": "4", "ranking_compact_cars": "36"}
{"date": "2019-11", "monthly_sales": "750", "share_manufacturers": "1.98%", "sales_ranking_month": "312", "maker_ranking": "6", "ranking_compact_cars": "71"}
{"date": "2019-10", "monthly_sales": "837", "share_manufacturers": "2.23%", "sales_ranking_month": "292", "maker_ranking": "7", "ranking_compact_cars": "61"}
{"date": "2019-09", "monthly_sales": "186", "share_manufacturers": "0.49%", "sales_ranking_month": "396", "maker_ranking": "8", "ranking_compact_cars": "86"}
{"date": "2019-08", "monthly_sales": "197", "share_manufacturers": "0.65%", "sales_ranking_month": "384", "maker_ranking": "9", "ranking_compact_cars": "81"}
{"date": "2019-07", "monthly_sales": "668", "share_manufacturers": "2.02%", "sales_ranking_month": "299", "maker_ranking": "6", "ranking_compact_cars": "65"}
{"date": "2019-06", "monthly_sales": "4377", "share_manufacturers": "14.84%", "sales_ranking_month": "128", "maker_ranking": "3", "ranking_compact_cars": "42"}
{"date": "2019-05", "monthly_sales": "5488", "share_manufacturers": "15.53%", "sales_ranking_month": "87", "maker_ranking": "3", "ranking_compact_cars": "28"}
{"date": "2019-04", "monthly_sales": "13151", "share_manufacturers": "28.63%", "sales_ranking_month": "22", "maker_ranking": "1", "ranking_compact_cars": "10"}
{"date": "2019-03", "monthly_sales": "18192", "share_manufacturers": "38.05%", "sales_ranking_month": "16", "maker_ranking": "1", "ranking_compact_cars": "10"}
{"date": "2019-02", "monthly_sales": "2369", "share_manufacturers": "8.63%", "sales_ranking_month": "156", "maker_ranking": "4", "ranking_compact_cars": "44"}
