{"date": null, "monthly_sales": null, "share_manufacturers": null, "sales_ranking_month": null, "maker_ranking": null, "ranking_compact_cars": null}
{"date": "2023-03", "monthly_sales": "403", "share_manufacturers": "1.71%", "sales_ranking_month": "376", "maker_ranking": "6", "ranking_compact_cars": "68"}
{"date": "2023-02", "monthly_sales": "384", "share_manufacturers": "2.32%", "sales_ranking_month": "364", "maker_ranking": "6", "ranking_compact_cars": "70"}
{"date": "2023-01", "monthly_sales": "465", "share_manufacturers": "2.32%", "sales_ranking_month": "319", "maker_ranking": "7", "ranking_compact_cars": "64"}
{"date": "2022-12", "monthly_sales": "879", "share_manufacturers": "3.51%", "sales_ranking_month": "337", "maker_ranking": "6", "ranking_compact_cars": "68"}
{"date": "2022-11", "monthly_sales": "758", "share_manufacturers": "3.52%", "sales_ranking_month": "328", "maker_ranking": "5", "ranking_compact_cars": "65"}
{"date": "2022-10", "monthly_sales": "132", "share_manufacturers": "0.50%", "sales_ranking_month": "451", "maker_ranking": "8", "ranking_compact_cars": "77"}
{"date": "2022-05", "monthly_sales": "1", "share_manufacturers": "0.01%", "sales_ranking_month": "503", "maker_ranking": "11", "ranking_compact_cars": "88"}
{"date": "2021-12", "monthly_sales": "20", "share_manufacturers": "0.05%", "sales_ranking_month": "503", "maker_ranking": "13", "ranking_compact_cars": "84"}
{"date": "2021-11", "monthly_sales": "273", "share_manufacturers": "0.82%", "sales_ranking_month": "405", "maker_ranking": "11", "ranking_compact_cars": "69"}
{"date": "2021-10", "monthly_sales": "1181", "share_manufacturers": "4.59%", "sales_ranking_month": "272", "maker_ranking": "4", "ranking_compact_cars": "50"}
{"date": "2021-09", "monthly_sales": "3", "share_manufacturers": "0.02%", "sales_ranking_month": "492", "maker_ranking": "14", "ranking_compact_cars": "82"}
{"date": "2021-08", "monthly_sales": "72", "share_manufacturers": "0.25%", "sales_ranking_month": "419", "maker_ranking": "12", "ranking_compact_cars": "75"}
{"date": "2021-07", "monthly_sales": "230", "share_manufacturers": "0.96%", "sales_ranking_month": "366", "maker_ranking": "11", "ranking_compact_cars": "69"}
{"date": "2021-06", "monthly_sales": "614", "share_manufacturers": "1.91%", "sales_ranking_month": "299", "maker_ranking": "9", "ranking_compact_cars": "55"}
{"date": "2021-05", "monthly_sales": "506", "share_manufacturers": "1.48%", "sales_ranking_month": "319", "maker_ranking": "10", "ranking_compact_cars": "54"}
{"date": "2021-04", "monthly_sales": "880", "share_manufacturers": "2.81%", "sales_ranking_month": "282", "maker_ranking": "8", "ranking_compact_cars": "49"}
{"date": "2021-03", "monthly_sales": "2020", "share_manufacturers": "5.45%", "sales_ranking_month": "186", "maker_ranking": "6", "ranking_compact_cars": "34"}
{"date": "2021-02", "monthly_sales": "1002", "share_manufacturers": "5.25%", "sales_ranking_month": "200", "maker_ranking": "7", "ranking_compact_cars": "37"}
{"date": "2021-01", "monthly_sales": "1448", "share_manufacturers": "3.60%", "sales_ranking_month": "237", "maker_ranking": "8", "ranking_compact_cars": "42"}
{"date": "2020-12", "monthly_sales": "1870", "share_manufacturers": "3.64%", "sales_ranking_month": "254", "maker_ranking": "8", "ranking_compact_cars": "50"}
{"date": "2020-11", "monthly_sales": "2101", "share_manufacturers": "4.26%", "sales_ranking_month": "223", "maker_ranking": "8", "ranking_compact_cars": "47"}
{"date": "2020-10", "monthly_sales": "2184", "share_manufacturers": "5.13%", "sales_ranking_month": "218", "maker_ranking": "9", "ranking_compact_cars": "48"}
{"date": "2020-09", "monthly_sales": "2", "share_manufacturers": "0.01%", "sales_ranking_month": "497", "maker_ranking": "15", "ranking_compact_cars": "92"}
{"date": "2020-08", "monthly_sales": "22", "share_manufacturers": "0.07%", "sales_ranking_month": "464", "maker_ranking": "13", "ranking_compact_cars": "85"}
{"date": "2020-07", "monthly_sales": "470", "share_manufacturers": "1.67%", "sales_ranking_month": "335", "maker_ranking": "10", "ranking_compact_cars": "69"}
{"date": "2020-06", "monthly_sales": "6689", "share_manufacturers": "11.64%", "sales_ranking_month": "82", "maker_ranking": "4", "ranking_compact_cars": "22"}
{"date": "2020-05", "monthly_sales": "3434", "share_manufacturers": "9.25%", "sales_ranking_month": "135", "maker_ranking": "6", "ranking_compact_cars": "36"}
{"date": "2020-04", "monthly_sales": "4421", "share_manufacturers": "14.15%", "sales_ranking_month": "97", "maker_ranking": "3", "ranking_compact_cars": "27"}
{"date": "2020-03", "monthly_sales": "3806", "share_manufacturers": "9.11%", "sales_ranking_month": "81", "maker_ranking": "5", "ranking_compact_cars": "23"}
{"date": "2020-02", "monthly_sales": "172", "share_manufacturers": "10.14%", "sales_ranking_month": "213", "maker_ranking": "3", "ranking_compact_cars": "49"}
{"date": "2020-01", "monthly_sales": "3109", "share_manufacturers": "9.01%", "sales_ranking_month": "142", "maker_ranking": "5", "ranking_compact_cars": "39"}
{"date": "2019-12", "monthly_sales": "13697", "share_manufacturers": "11.79%", "sales_ranking_month": "40", "maker_ranking": "4", "ranking_compact_cars": "13"}
{"date": "2019-11", "monthly_sales": "6866", "share_manufacturers": "10.70%", "sales_ranking_month": "87", "maker_ranking": "4", "ranking_compact_cars": "27"}
{"date": "2019-10", "monthly_sales": "7724", "share_manufacturers": "12.39%", "sales_ranking_month": "76", "maker_ranking": "3", "ranking_compact_cars": "21"}
{"date": "2019-09", "monthly_sales": "13418", "share_manufacturers": "19.60%", "sales_ranking_month": "38", "maker_ranking": "2", "ranking_compact_cars": "13"}
{"date": "2019-08", "monthly_sales": "6834", "share_manufacturers": "12.96%", "sales_ranking_month": "76", "maker_ranking": "4", "ranking_compact_cars": "23"}
{"date": "2019-07", "monthly_sales": "4591", "share_manufacturers": "11.54%", "sales_ranking_month": "108", "maker_ranking": "5", "ranking_compact_cars": "34"}
{"date": "2019-06", "monthly_sales": "6398", "share_manufacturers": "10.14%", "sales_ranking_month": "82", "maker_ranking": "5", "ranking_compact_cars": "27"}
{"date": "2019-05", "monthly_sales": "4857", "share_manufacturers": "13.04%", "sales_ranking_month": "104", "maker_ranking": "4", "ranking_compact_cars": "36"}
{"date": "2019-04", "monthly_sales": "5830", "share_manufacturers": "11.43%", "sales_ranking_month": "92", "maker_ranking": "4", "ranking_compact_cars": "27"}
{"date": "2019-03", "monthly_sales": "7565", "share_manufacturers": "9.98%", "sales_ranking_month": "88", "maker_ranking": "3", "ranking_compact_cars": "28"}
{"date": "2019-02", "monthly_sales": "7069", "share_manufacturers": "18.26%", "sales_ranking_month": "49", "maker_ranking": "2", "ranking_compact_cars": "16"}
{"date": "2019-01", "monthly_sales": "10240", "share_manufacturers": "32.00%", "sales_ranking_month": "65", "maker_ranking": "2", "ranking_compact_cars": "22"}
{"date": "2018-12", "monthly_sales": "10147", "share_manufacturers": "9.42%", "sales_ranking_month": "68", "maker_ranking": "4", "ranking_compact_cars": "23"}
{"date": "2018-11", "monthly_sales": "8063", "share_manufacturers": "11.34%", "sales_ranking_month": "85", "maker_ranking": "3", "ranking_compact_cars": "29"}
{"date": "2018-10", "monthly_sales": "6688", "share_manufacturers": "9.58%", "sales_ranking_month": "91", "maker_ranking": "4", "ranking_compact_cars": "30"}
