{"date": null, "monthly_sales": null, "share_manufacturers": null, "sales_ranking_month": null, "maker_ranking": null, "ranking_compact_cars": null}
{"date": "2023-03", "monthly_sales": "528", "share_manufacturers": "8.63%", "sales_ranking_month": "351", "maker_ranking": "6", "ranking_compact_cars": "64"}
{"date": "2023-02", "monthly_sales": "774", "share_manufacturers": "12.05%", "sales_ranking_month": "286", "maker_ranking": "5", "ranking_compact_cars": "61"}
{"date": "2023-01", "monthly_sales": "810", "share_manufacturers": "13.06%", "sales_ranking_month": "268", "maker_ranking": "4", "ranking_compact_cars": "57"}
{"date": "2022-12", "monthly_sales": "941", "share_manufacturers": "9.11%", "sales_ranking_month": "330", "maker_ranking": "6", "ranking_compact_cars": "66"}
{"date": "2022-11", "monthly_sales": "751", "share_manufacturers": "7.78%", "sales_ranking_month": "330", "maker_ranking": "5", "ranking_compact_cars": "66"}
{"date": "2022-10", "monthly_sales": "841", "share_manufacturers": "7.65%", "sales_ranking_month": "325", "maker_ranking": "5", "ranking_compact_cars": "62"}
{"date": "2022-09", "monthly_sales": "919", "share_manufacturers": "8.12%", "sales_ranking_month": "330", "maker_ranking": "5", "ranking_compact_cars": "65"}
{"date": "2022-08", "monthly_sales": "1876", "share_manufacturers": "17.78%", "sales_ranking_month": "225", "maker_ranking": "2", "ranking_compact_cars": "46"}
{"date": "2022-07", "monthly_sales": "1319", "share_manufacturers": "8.95%", "sales_ranking_month": "274", "maker_ranking": "5", "ranking_compact_cars": "59"}
{"date": "2022-06", "monthly_sales": "804", "share_manufacturers": "6.36%", "sales_ranking_month": "322", "maker_ranking": "6", "ranking_compact_cars": "65"}
{"date": "2022-05", "monthly_sales": "323", "share_manufacturers": "4.00%", "sales_ranking_month": "372", "maker_ranking": "6", "ranking_compact_cars": "72"}
{"date": "2022-04", "monthly_sales": "367", "share_manufacturers": "6.44%", "sales_ranking_month": "311", "maker_ranking": "6", "ranking_compact_cars": "64"}
{"date": "2022-03", "monthly_sales": "1014", "share_manufacturers": "9.09%", "sales_ranking_month": "295", "maker_ranking": "6", "ranking_compact_cars": "64"}
{"date": "2022-02", "monthly_sales": "1457", "share_manufacturers": "13.20%", "sales_ranking_month": "218", "maker_ranking": "5", "ranking_compact_cars": "51"}
{"date": "2022-01", "monthly_sales": "1805", "share_manufacturers": "13.14%", "sales_ranking_month": "242", "maker_ranking": "4", "ranking_compact_cars": "55"}
{"date": "2021-12", "monthly_sales": "2229", "share_manufacturers": "10.85%", "sales_ranking_month": "242", "maker_ranking": "3", "ranking_compact_cars": "48"}
{"date": "2021-11", "monthly_sales": "2122", "share_manufacturers": "14.41%", "sales_ranking_month": "227", "maker_ranking": "4", "ranking_compact_cars": "47"}
{"date": "2021-10", "monthly_sales": "1841", "share_manufacturers": "13.45%", "sales_ranking_month": "229", "maker_ranking": "4", "ranking_compact_cars": "43"}
{"date": "2021-09", "monthly_sales": "980", "share_manufacturers": "10.53%", "sales_ranking_month": "272", "maker_ranking": "4", "ranking_compact_cars": "50"}
{"date": "2021-08", "monthly_sales": "1160", "share_manufacturers": "10.14%", "sales_ranking_month": "240", "maker_ranking": "4", "ranking_compact_cars": "51"}
{"date": "2021-07", "monthly_sales": "1315", "share_manufacturers": "9.64%", "sales_ranking_month": "227", "maker_ranking": "5", "ranking_compact_cars": "47"}
{"date": "2021-06", "monthly_sales": "1963", "share_manufacturers": "14.02%", "sales_ranking_month": "194", "maker_ranking": "3", "ranking_compact_cars": "39"}
{"date": "2021-05", "monthly_sales": "2008", "share_manufacturers": "14.83%", "sales_ranking_month": "190", "maker_ranking": "5", "ranking_compact_cars": "35"}
{"date": "2021-04", "monthly_sales": "1244", "share_manufacturers": "9.93%", "sales_ranking_month": "244", "maker_ranking": "6", "ranking_compact_cars": "43"}
{"date": "2021-03", "monthly_sales": "953", "share_manufacturers": "10.08%", "sales_ranking_month": "264", "maker_ranking": "5", "ranking_compact_cars": "44"}
{"date": "2021-02", "monthly_sales": "1515", "share_manufacturers": "15.35%", "sales_ranking_month": "160", "maker_ranking": "4", "ranking_compact_cars": "31"}
{"date": "2021-01", "monthly_sales": "2103", "share_manufacturers": "10.33%", "sales_ranking_month": "189", "maker_ranking": "5", "ranking_compact_cars": "34"}
{"date": "2020-12", "monthly_sales": "3237", "share_manufacturers": "14.23%", "sales_ranking_month": "180", "maker_ranking": "3", "ranking_compact_cars": "37"}
{"date": "2020-11", "monthly_sales": "2138", "share_manufacturers": "9.60%", "sales_ranking_month": "220", "maker_ranking": "6", "ranking_compact_cars": "46"}
{"date": "2020-10", "monthly_sales": "2358", "share_manufacturers": "8.53%", "sales_ranking_month": "210", "maker_ranking": "6", "ranking_compact_cars": "46"}
{"date": "2020-09", "monthly_sales": "2276", "share_manufacturers": "8.71%", "sales_ranking_month": "198", "maker_ranking": "7", "ranking_compact_cars": "43"}
{"date": "2020-08", "monthly_sales": "1929", "share_manufacturers": "9.46%", "sales_ranking_month": "193", "maker_ranking": "5", "ranking_compact_cars": "38"}
{"date": "2020-07", "monthly_sales": "2277", "share_manufacturers": "11.07%", "sales_ranking_month": "166", "maker_ranking": "4", "ranking_compact_cars": "36"}
{"date": "2020-06", "monthly_sales": "2016", "share_manufacturers": "9.07%", "sales_ranking_month": "194", "maker_ranking": "4", "ranking_compact_cars": "43"}
{"date": "2020-05", "monthly_sales": "4075", "share_manufacturers": "17.10%", "sales_ranking_month": "113", "maker_ranking": "3", "ranking_compact_cars": "30"}
{"date": "2020-04", "monthly_sales": "2354", "share_manufacturers": "10.00%", "sales_ranking_month": "157", "maker_ranking": "5", "ranking_compact_cars": "38"}
{"date": "2020-03", "monthly_sales": "1470", "share_manufacturers": "8.34%", "sales_ranking_month": "171", "maker_ranking": "4", "ranking_compact_cars": "41"}
{"date": "2020-02", "monthly_sales": "99", "share_manufacturers": "6.27%", "sales_ranking_month": "252", "maker_ranking": "2", "ranking_compact_cars": "55"}
{"date": "2020-01", "monthly_sales": "4060", "share_manufacturers": "16.95%", "sales_ranking_month": "114", "maker_ranking": "4", "ranking_compact_cars": "31"}
{"date": "2019-12", "monthly_sales": "4331", "share_manufacturers": "13.80%", "sales_ranking_month": "144", "maker_ranking": "4", "ranking_compact_cars": "42"}
{"date": "2019-11", "monthly_sales": "4675", "share_manufacturers": "19.96%", "sales_ranking_month": "128", "maker_ranking": "3", "ranking_compact_cars": "38"}
{"date": "2019-10", "monthly_sales": "4371", "share_manufacturers": "17.84%", "sales_ranking_month": "140", "maker_ranking": "3", "ranking_compact_cars": "43"}
{"date": "2019-09", "monthly_sales": "3275", "share_manufacturers": "13.31%", "sales_ranking_month": "168", "maker_ranking": "4", "ranking_compact_cars": "47"}
{"date": "2019-08", "monthly_sales": "2371", "share_manufacturers": "11.01%", "sales_ranking_month": "187", "maker_ranking": "4", "ranking_compact_cars": "48"}
{"date": "2019-07", "monthly_sales": "1903", "share_manufacturers": "9.17%", "sales_ranking_month": "203", "maker_ranking": "4", "ranking_compact_cars": "51"}
{"date": "2019-06", "monthly_sales": "4704", "share_manufacturers": "21.28%", "sales_ranking_month": "117", "maker_ranking": "2", "ranking_compact_cars": "37"}
{"date": "2019-05", "monthly_sales": "1359", "share_manufacturers": "8.04%", "sales_ranking_month": "239", "maker_ranking": "4", "ranking_compact_cars": "59"}
{"date": "2019-04", "monthly_sales": "2525", "share_manufacturers": "11.16%", "sales_ranking_month": "181", "maker_ranking": "4", "ranking_compact_cars": "54"}
{"date": "2019-03", "monthly_sales": "1176", "share_manufacturers": "3.78%", "sales_ranking_month": "297", "maker_ranking": "7", "ranking_compact_cars": "63"}
{"date": "2019-02", "monthly_sales": "799", "share_manufacturers": "3.63%", "sales_ranking_month": "268", "maker_ranking": "6", "ranking_compact_cars": "57"}
