{"date": null, "monthly_sales": null, "share_manufacturers": null, "sales_ranking_month": null, "maker_ranking": null, "ranking_compact_cars": null}
{"date": "2023-03", "monthly_sales": "1850", "share_manufacturers": "44.83%", "sales_ranking_month": "199", "maker_ranking": "1", "ranking_compact_cars": "45"}
{"date": "2023-02", "monthly_sales": "1806", "share_manufacturers": "54.36%", "sales_ranking_month": "186", "maker_ranking": "1", "ranking_compact_cars": "43"}
{"date": "2023-01", "monthly_sales": "2244", "share_manufacturers": "73.57%", "sales_ranking_month": "151", "maker_ranking": "1", "ranking_compact_cars": "36"}
{"date": "2022-12", "monthly_sales": "2149", "share_manufacturers": "22.67%", "sales_ranking_month": "232", "maker_ranking": "3", "ranking_compact_cars": "51"}
{"date": "2022-11", "monthly_sales": "1623", "share_manufacturers": "51.04%", "sales_ranking_month": "253", "maker_ranking": "1", "ranking_compact_cars": "54"}
{"date": "2022-10", "monthly_sales": "1582", "share_manufacturers": "50.22%", "sales_ranking_month": "257", "maker_ranking": "1", "ranking_compact_cars": "58"}
{"date": "2022-09", "monthly_sales": "1995", "share_manufacturers": "59.38%", "sales_ranking_month": "242", "maker_ranking": "1", "ranking_compact_cars": "54"}
{"date": "2022-08", "monthly_sales": "1563", "share_manufacturers": "44.33%", "sales_ranking_month": "245", "maker_ranking": "2", "ranking_compact_cars": "50"}
{"date": "2022-07", "monthly_sales": "555", "share_manufacturers": "19.61%", "sales_ranking_month": "359", "maker_ranking": "2", "ranking_compact_cars": "71"}
{"date": "2022-06", "monthly_sales": "302", "share_manufacturers": "15.04%", "sales_ranking_month": "401", "maker_ranking": "2", "ranking_compact_cars": "75"}
{"date": "2022-05", "monthly_sales": "456", "share_manufacturers": "29.94%", "sales_ranking_month": "346", "maker_ranking": "2", "ranking_compact_cars": "68"}
{"date": "2022-04", "monthly_sales": "185", "share_manufacturers": "16.33%", "sales_ranking_month": "374", "maker_ranking": "3", "ranking_compact_cars": "71"}
{"date": "2022-03", "monthly_sales": "236", "share_manufacturers": "16.25%", "sales_ranking_month": "410", "maker_ranking": "2", "ranking_compact_cars": "76"}
{"date": "2022-02", "monthly_sales": "422", "share_manufacturers": "32.89%", "sales_ranking_month": "343", "maker_ranking": "2", "ranking_compact_cars": "66"}
{"date": "2022-01", "monthly_sales": "649", "share_manufacturers": "45.83%", "sales_ranking_month": "334", "maker_ranking": "2", "ranking_compact_cars": "64"}
{"date": "2021-12", "monthly_sales": "1041", "share_manufacturers": "38.41%", "sales_ranking_month": "328", "maker_ranking": "2", "ranking_compact_cars": "59"}
{"date": "2021-11", "monthly_sales": "629", "share_manufacturers": "38.21%", "sales_ranking_month": "348", "maker_ranking": "1", "ranking_compact_cars": "62"}
{"date": "2021-10", "monthly_sales": "885", "share_manufacturers": "50.83%", "sales_ranking_month": "306", "maker_ranking": "1", "ranking_compact_cars": "--"}
