{"date": null, "monthly_sales": null, "share_manufacturers": null, "sales_ranking_month": null, "maker_ranking": null, "ranking_compact_cars": null}
{"date": "2023-03", "monthly_sales": "17938", "share_manufacturers": "22.14%", "sales_ranking_month": "12", "maker_ranking": "1", "ranking_compact_cars": "5"}
{"date": "2023-02", "monthly_sales": "14526", "share_manufacturers": "23.93%", "sales_ranking_month": "11", "maker_ranking": "1", "ranking_compact_cars": "5"}
{"date": "2023-01", "monthly_sales": "20454", "share_manufacturers": "29.22%", "sales_ranking_month": "5", "maker_ranking": "1", "ranking_compact_cars": "3"}
{"date": "2022-12", "monthly_sales": "35329", "share_manufacturers": "37.64%", "sales_ranking_month": "4", "maker_ranking": "1", "ranking_compact_cars": "1"}
{"date": "2022-11", "monthly_sales": "17375", "share_manufacturers": "23.99%", "sales_ranking_month": "21", "maker_ranking": "1", "ranking_compact_cars": "5"}
{"date": "2022-10", "monthly_sales": "18576", "share_manufacturers": "22.29%", "sales_ranking_month": "20", "maker_ranking": "1", "ranking_compact_cars": "5"}
{"date": "2022-09", "monthly_sales": "22786", "share_manufacturers": "19.97%", "sales_ranking_month": "15", "maker_ranking": "1", "ranking_compact_cars": "5"}
{"date": "2022-07", "monthly_sales": "14360", "share_manufacturers": "14.34%", "sales_ranking_month": "35", "maker_ranking": "3", "ranking_compact_cars": "11"}
{"date": "2022-06", "monthly_sales": "7144", "share_manufacturers": "5.79%", "sales_ranking_month": "98", "maker_ranking": "6", "ranking_compact_cars": "26"}
{"date": "2022-05", "monthly_sales": "18322", "share_manufacturers": "20.58%", "sales_ranking_month": "10", "maker_ranking": "2", "ranking_compact_cars": "4"}
{"date": "2022-04", "monthly_sales": "13416", "share_manufacturers": "34.01%", "sales_ranking_month": "9", "maker_ranking": "1", "ranking_compact_cars": "4"}
{"date": "2022-03", "monthly_sales": "17214", "share_manufacturers": "22.48%", "sales_ranking_month": "18", "maker_ranking": "1", "ranking_compact_cars": "8"}
{"date": "2022-02", "monthly_sales": "12610", "share_manufacturers": "17.85%", "sales_ranking_month": "20", "maker_ranking": "2", "ranking_compact_cars": "7"}
{"date": "2022-01", "monthly_sales": "26341", "share_manufacturers": "25.46%", "sales_ranking_month": "10", "maker_ranking": "1", "ranking_compact_cars": "3"}
{"date": "2021-12", "monthly_sales": "23577", "share_manufacturers": "20.75%", "sales_ranking_month": "12", "maker_ranking": "1", "ranking_compact_cars": "7"}
{"date": "2021-11", "monthly_sales": "21212", "share_manufacturers": "24.24%", "sales_ranking_month": "17", "maker_ranking": "1", "ranking_compact_cars": "8"}
{"date": "2021-10", "monthly_sales": "27180", "share_manufacturers": "31.94%", "sales_ranking_month": "7", "maker_ranking": "1", "ranking_compact_cars": "3"}
{"date": "2021-09", "monthly_sales": "13839", "share_manufacturers": "23.62%", "sales_ranking_month": "24", "maker_ranking": "2", "ranking_compact_cars": "9"}
{"date": "2021-08", "monthly_sales": "7631", "share_manufacturers": "13.19%", "sales_ranking_month": "62", "maker_ranking": "2", "ranking_compact_cars": "17"}
{"date": "2021-07", "monthly_sales": "11452", "share_manufacturers": "29.07%", "sales_ranking_month": "27", "maker_ranking": "1", "ranking_compact_cars": "8"}
{"date": "2021-06", "monthly_sales": "7225", "share_manufacturers": "13.46%", "sales_ranking_month": "61", "maker_ranking": "3", "ranking_compact_cars": "15"}
{"date": "2021-05", "monthly_sales": "25730", "share_manufacturers": "26.66%", "sales_ranking_month": "7", "maker_ranking": "2", "ranking_compact_cars": "5"}
{"date": "2021-04", "monthly_sales": "9368", "share_manufacturers": "13.98%", "sales_ranking_month": "56", "maker_ranking": "3", "ranking_compact_cars": "13"}
{"date": "2021-03", "monthly_sales": "32365", "share_manufacturers": "24.92%", "sales_ranking_month": "9", "maker_ranking": "2", "ranking_compact_cars": "6"}
{"date": "2021-02", "monthly_sales": "19165", "share_manufacturers": "27.71%", "sales_ranking_month": "8", "maker_ranking": "2", "ranking_compact_cars": "5"}
{"date": "2021-01", "monthly_sales": "36961", "share_manufacturers": "30.58%", "sales_ranking_month": "4", "maker_ranking": "1", "ranking_compact_cars": "3"}
{"date": "2020-12", "monthly_sales": "27295", "share_manufacturers": "22.19%", "sales_ranking_month": "11", "maker_ranking": "2", "ranking_compact_cars": "6"}
{"date": "2020-11", "monthly_sales": "34210", "share_manufacturers": "22.16%", "sales_ranking_month": "7", "maker_ranking": "2", "ranking_compact_cars": "6"}
{"date": "2020-10", "monthly_sales": "36380", "share_manufacturers": "25.79%", "sales_ranking_month": "5", "maker_ranking": "2", "ranking_compact_cars": "4"}
{"date": "2020-09", "monthly_sales": "33219", "share_manufacturers": "24.23%", "sales_ranking_month": "6", "maker_ranking": "2", "ranking_compact_cars": "5"}
{"date": "2020-08", "monthly_sales": "29446", "share_manufacturers": "26.17%", "sales_ranking_month": "4", "maker_ranking": "1", "ranking_compact_cars": "4"}
{"date": "2020-07", "monthly_sales": "21393", "share_manufacturers": "23.22%", "sales_ranking_month": "6", "maker_ranking": "1", "ranking_compact_cars": "5"}
{"date": "2020-06", "monthly_sales": "22580", "share_manufacturers": "21.42%", "sales_ranking_month": "8", "maker_ranking": "2", "ranking_compact_cars": "7"}
{"date": "2020-05", "monthly_sales": "27028", "share_manufacturers": "25.74%", "sales_ranking_month": "5", "maker_ranking": "1", "ranking_compact_cars": "5"}
{"date": "2020-04", "monthly_sales": "20231", "share_manufacturers": "22.85%", "sales_ranking_month": "10", "maker_ranking": "2", "ranking_compact_cars": "8"}
{"date": "2020-03", "monthly_sales": "18935", "share_manufacturers": "28.02%", "sales_ranking_month": "5", "maker_ranking": "2", "ranking_compact_cars": "4"}
{"date": "2020-02", "monthly_sales": "2828", "share_manufacturers": "32.07%", "sales_ranking_month": "14", "maker_ranking": "2", "ranking_compact_cars": "6"}
{"date": "2020-01", "monthly_sales": "26294", "share_manufacturers": "23.24%", "sales_ranking_month": "6", "maker_ranking": "2", "ranking_compact_cars": "5"}
{"date": "2019-12", "monthly_sales": "31789", "share_manufacturers": "24.87%", "sales_ranking_month": "5", "maker_ranking": "1", "ranking_compact_cars": "3"}
{"date": "2019-11", "monthly_sales": "33520", "share_manufacturers": "21.20%", "sales_ranking_month": "7", "maker_ranking": "2", "ranking_compact_cars": "5"}
{"date": "2019-10", "monthly_sales": "36015", "share_manufacturers": "24.47%", "sales_ranking_month": "6", "maker_ranking": "2", "ranking_compact_cars": "5"}
{"date": "2019-09", "monthly_sales": "38394", "share_manufacturers": "24.97%", "sales_ranking_month": "3", "maker_ranking": "1", "ranking_compact_cars": "3"}
{"date": "2019-08", "monthly_sales": "30577", "share_manufacturers": "24.67%", "sales_ranking_month": "3", "maker_ranking": "1", "ranking_compact_cars": "3"}
{"date": "2019-07", "monthly_sales": "22240", "share_manufacturers": "21.43%", "sales_ranking_month": "8", "maker_ranking": "2", "ranking_compact_cars": "7"}
{"date": "2019-06", "monthly_sales": "17362", "share_manufacturers": "17.33%", "sales_ranking_month": "18", "maker_ranking": "2", "ranking_compact_cars": "11"}
{"date": "2019-05", "monthly_sales": "12571", "share_manufacturers": "12.87%", "sales_ranking_month": "28", "maker_ranking": "3", "ranking_compact_cars": "11"}
{"date": "2019-04", "monthly_sales": "27240", "share_manufacturers": "24.81%", "sales_ranking_month": "5", "maker_ranking": "1", "ranking_compact_cars": "4"}
{"date": "2019-03", "monthly_sales": "25280", "share_manufacturers": "22.13%", "sales_ranking_month": "7", "maker_ranking": "1", "ranking_compact_cars": "5"}
{"date": "2019-02", "monthly_sales": "15748", "share_manufacturers": "19.91%", "sales_ranking_month": "8", "maker_ranking": "2", "ranking_compact_cars": "6"}
{"date": "2019-01", "monthly_sales": "16587", "share_manufacturers": "15.38%", "sales_ranking_month": "26", "maker_ranking": "3", "ranking_compact_cars": "14"}
