{"date": null, "monthly_sales": null, "share_manufacturers": null, "sales_ranking_month": null, "maker_ranking": null, "ranking_compact_cars": null}
{"date": "2023-03", "monthly_sales": "15035", "share_manufacturers": "22.31%", "sales_ranking_month": "16", "maker_ranking": "2", "ranking_compact_cars": "7"}
{"date": "2023-02", "monthly_sales": "7632", "share_manufacturers": "10.56%", "sales_ranking_month": "53", "maker_ranking": "5", "ranking_compact_cars": "14"}
{"date": "2023-01", "monthly_sales": "10519", "share_manufacturers": "11.68%", "sales_ranking_month": "26", "maker_ranking": "3", "ranking_compact_cars": "7"}
{"date": "2022-12", "monthly_sales": "15056", "share_manufacturers": "12.08%", "sales_ranking_month": "31", "maker_ranking": "3", "ranking_compact_cars": "10"}
{"date": "2022-11", "monthly_sales": "10497", "share_manufacturers": "12.24%", "sales_ranking_month": "48", "maker_ranking": "4", "ranking_compact_cars": "12"}
{"date": "2022-10", "monthly_sales": "13641", "share_manufacturers": "12.46%", "sales_ranking_month": "40", "maker_ranking": "3", "ranking_compact_cars": "14"}
{"date": "2022-09", "monthly_sales": "12432", "share_manufacturers": "13.42%", "sales_ranking_month": "52", "maker_ranking": "4", "ranking_compact_cars": "12"}
{"date": "2022-08", "monthly_sales": "5382", "share_manufacturers": "10.87%", "sales_ranking_month": "117", "maker_ranking": "4", "ranking_compact_cars": "26"}
{"date": "2022-07", "monthly_sales": "14940", "share_manufacturers": "15.44%", "sales_ranking_month": "33", "maker_ranking": "3", "ranking_compact_cars": "10"}
{"date": "2022-06", "monthly_sales": "13121", "share_manufacturers": "14.91%", "sales_ranking_month": "45", "maker_ranking": "3", "ranking_compact_cars": "11"}
{"date": "2022-05", "monthly_sales": "10418", "share_manufacturers": "15.76%", "sales_ranking_month": "42", "maker_ranking": "2", "ranking_compact_cars": "13"}
{"date": "2022-04", "monthly_sales": "5448", "share_manufacturers": "11.35%", "sales_ranking_month": "46", "maker_ranking": "4", "ranking_compact_cars": "11"}
{"date": "2022-03", "monthly_sales": "18732", "share_manufacturers": "17.03%", "sales_ranking_month": "15", "maker_ranking": "2", "ranking_compact_cars": "6"}
{"date": "2022-02", "monthly_sales": "10186", "share_manufacturers": "19.21%", "sales_ranking_month": "39", "maker_ranking": "2", "ranking_compact_cars": "11"}
{"date": "2022-01", "monthly_sales": "21883", "share_manufacturers": "17.69%", "sales_ranking_month": "15", "maker_ranking": "3", "ranking_compact_cars": "5"}
{"date": "2021-12", "monthly_sales": "7629", "share_manufacturers": "11.77%", "sales_ranking_month": "97", "maker_ranking": "4", "ranking_compact_cars": "21"}
{"date": "2021-11", "monthly_sales": "6025", "share_manufacturers": "7.92%", "sales_ranking_month": "108", "maker_ranking": "5", "ranking_compact_cars": "24"}
{"date": "2021-10", "monthly_sales": "10308", "share_manufacturers": "12.51%", "sales_ranking_month": "58", "maker_ranking": "3", "ranking_compact_cars": "14"}
{"date": "2021-09", "monthly_sales": "11405", "share_manufacturers": "15.83%", "sales_ranking_month": "36", "maker_ranking": "2", "ranking_compact_cars": "12"}
{"date": "2021-08", "monthly_sales": "11065", "share_manufacturers": "17.56%", "sales_ranking_month": "31", "maker_ranking": "2", "ranking_compact_cars": "9"}
{"date": "2021-07", "monthly_sales": "11492", "share_manufacturers": "16.37%", "sales_ranking_month": "26", "maker_ranking": "2", "ranking_compact_cars": "7"}
{"date": "2021-06", "monthly_sales": "12825", "share_manufacturers": "18.84%", "sales_ranking_month": "23", "maker_ranking": "2", "ranking_compact_cars": "8"}
{"date": "2021-05", "monthly_sales": "12458", "share_manufacturers": "16.43%", "sales_ranking_month": "28", "maker_ranking": "2", "ranking_compact_cars": "10"}
{"date": "2021-04", "monthly_sales": "15874", "share_manufacturers": "18.92%", "sales_ranking_month": "20", "maker_ranking": "2", "ranking_compact_cars": "8"}
{"date": "2021-03", "monthly_sales": "15050", "share_manufacturers": "17.97%", "sales_ranking_month": "31", "maker_ranking": "2", "ranking_compact_cars": "8"}
{"date": "2021-02", "monthly_sales": "13953", "share_manufacturers": "17.03%", "sales_ranking_month": "12", "maker_ranking": "2", "ranking_compact_cars": "7"}
{"date": "2021-01", "monthly_sales": "21592", "share_manufacturers": "18.93%", "sales_ranking_month": "17", "maker_ranking": "2", "ranking_compact_cars": "10"}
{"date": "2020-12", "monthly_sales": "11814", "share_manufacturers": "17.15%", "sales_ranking_month": "57", "maker_ranking": "2", "ranking_compact_cars": "16"}
{"date": "2020-11", "monthly_sales": "17217", "share_manufacturers": "17.74%", "sales_ranking_month": "30", "maker_ranking": "2", "ranking_compact_cars": "11"}
{"date": "2020-10", "monthly_sales": "16250", "share_manufacturers": "17.06%", "sales_ranking_month": "26", "maker_ranking": "2", "ranking_compact_cars": "11"}
{"date": "2020-09", "monthly_sales": "15574", "share_manufacturers": "19.04%", "sales_ranking_month": "37", "maker_ranking": "2", "ranking_compact_cars": "11"}
{"date": "2020-08", "monthly_sales": "15183", "share_manufacturers": "20.56%", "sales_ranking_month": "28", "maker_ranking": "2", "ranking_compact_cars": "11"}
{"date": "2020-07", "monthly_sales": "17152", "share_manufacturers": "24.62%", "sales_ranking_month": "17", "maker_ranking": "1", "ranking_compact_cars": "9"}
{"date": "2020-06", "monthly_sales": "16702", "share_manufacturers": "24.34%", "sales_ranking_month": "19", "maker_ranking": "2", "ranking_compact_cars": "9"}
{"date": "2020-05", "monthly_sales": "10941", "share_manufacturers": "18.67%", "sales_ranking_month": "47", "maker_ranking": "2", "ranking_compact_cars": "13"}
{"date": "2020-04", "monthly_sales": "11092", "share_manufacturers": "20.56%", "sales_ranking_month": "40", "maker_ranking": "2", "ranking_compact_cars": "12"}
{"date": "2020-03", "monthly_sales": "8402", "share_manufacturers": "16.18%", "sales_ranking_month": "30", "maker_ranking": "3", "ranking_compact_cars": "11"}
{"date": "2020-02", "monthly_sales": "1607", "share_manufacturers": "14.74%", "sales_ranking_month": "39", "maker_ranking": "4", "ranking_compact_cars": "8"}
{"date": "2020-01", "monthly_sales": "4593", "share_manufacturers": "7.82%", "sales_ranking_month": "102", "maker_ranking": "4", "ranking_compact_cars": "26"}
{"date": "2019-12", "monthly_sales": "6368", "share_manufacturers": "8.62%", "sales_ranking_month": "104", "maker_ranking": "4", "ranking_compact_cars": "28"}
{"date": "2019-11", "monthly_sales": "5724", "share_manufacturers": "7.94%", "sales_ranking_month": "105", "maker_ranking": "4", "ranking_compact_cars": "31"}
{"date": "2019-10", "monthly_sales": "4923", "share_manufacturers": "7.77%", "sales_ranking_month": "122", "maker_ranking": "4", "ranking_compact_cars": "38"}
{"date": "2019-09", "monthly_sales": "6876", "share_manufacturers": "12.11%", "sales_ranking_month": "87", "maker_ranking": "4", "ranking_compact_cars": "29"}
{"date": "2019-08", "monthly_sales": "7484", "share_manufacturers": "16.60%", "sales_ranking_month": "68", "maker_ranking": "3", "ranking_compact_cars": "21"}
{"date": "2019-07", "monthly_sales": "8264", "share_manufacturers": "19.67%", "sales_ranking_month": "54", "maker_ranking": "3", "ranking_compact_cars": "16"}
{"date": "2019-06", "monthly_sales": "4938", "share_manufacturers": "9.88%", "sales_ranking_month": "106", "maker_ranking": "4", "ranking_compact_cars": "32"}
{"date": "2019-05", "monthly_sales": "4708", "share_manufacturers": "12.82%", "sales_ranking_month": "107", "maker_ranking": "4", "ranking_compact_cars": "37"}
{"date": "2019-04", "monthly_sales": "4403", "share_manufacturers": "13.54%", "sales_ranking_month": "118", "maker_ranking": "4", "ranking_compact_cars": "39"}
{"date": "2019-03", "monthly_sales": "5434", "share_manufacturers": "9.20%", "sales_ranking_month": "119", "maker_ranking": "4", "ranking_compact_cars": "36"}
{"date": "2019-02", "monthly_sales": "4908", "share_manufacturers": "10.75%", "sales_ranking_month": "75", "maker_ranking": "4", "ranking_compact_cars": "24"}
