{"date": null, "monthly_sales": null, "share_manufacturers": null, "sales_ranking_month": null, "maker_ranking": null, "ranking_compact_cars": null}
{"date": "2023-03", "monthly_sales": "94", "share_manufacturers": "0.14%", "sales_ranking_month": "471", "maker_ranking": "15", "ranking_compact_cars": "78"}
{"date": "2023-02", "monthly_sales": "156", "share_manufacturers": "0.22%", "sales_ranking_month": "428", "maker_ranking": "18", "ranking_compact_cars": "74"}
{"date": "2023-01", "monthly_sales": "141", "share_manufacturers": "0.16%", "sales_ranking_month": "419", "maker_ranking": "16", "ranking_compact_cars": "73"}
{"date": "2022-12", "monthly_sales": "95", "share_manufacturers": "0.08%", "sales_ranking_month": "476", "maker_ranking": "16", "ranking_compact_cars": "79"}
{"date": "2022-11", "monthly_sales": "144", "share_manufacturers": "0.17%", "sales_ranking_month": "440", "maker_ranking": "12", "ranking_compact_cars": "76"}
{"date": "2022-10", "monthly_sales": "146", "share_manufacturers": "0.13%", "sales_ranking_month": "447", "maker_ranking": "16", "ranking_compact_cars": "76"}
{"date": "2022-09", "monthly_sales": "2", "share_manufacturers": "0.00%", "sales_ranking_month": "537", "maker_ranking": "15", "ranking_compact_cars": "86"}
{"date": "2022-08", "monthly_sales": "414", "share_manufacturers": "0.84%", "sales_ranking_month": "361", "maker_ranking": "11", "ranking_compact_cars": "64"}
{"date": "2022-07", "monthly_sales": "461", "share_manufacturers": "0.48%", "sales_ranking_month": "375", "maker_ranking": "15", "ranking_compact_cars": "75"}
{"date": "2022-06", "monthly_sales": "483", "share_manufacturers": "0.55%", "sales_ranking_month": "371", "maker_ranking": "15", "ranking_compact_cars": "73"}
{"date": "2022-05", "monthly_sales": "585", "share_manufacturers": "0.89%", "sales_ranking_month": "322", "maker_ranking": "15", "ranking_compact_cars": "65"}
{"date": "2022-04", "monthly_sales": "75", "share_manufacturers": "0.16%", "sales_ranking_month": "416", "maker_ranking": "16", "ranking_compact_cars": "78"}
{"date": "2021-12", "monthly_sales": "800", "share_manufacturers": "1.23%", "sales_ranking_month": "345", "maker_ranking": "13", "ranking_compact_cars": "62"}
{"date": "2021-11", "monthly_sales": "356", "share_manufacturers": "0.47%", "sales_ranking_month": "394", "maker_ranking": "14", "ranking_compact_cars": "66"}
{"date": "2021-10", "monthly_sales": "381", "share_manufacturers": "0.46%", "sales_ranking_month": "372", "maker_ranking": "15", "ranking_compact_cars": "66"}
{"date": "2021-09", "monthly_sales": "264", "share_manufacturers": "0.37%", "sales_ranking_month": "374", "maker_ranking": "14", "ranking_compact_cars": "64"}
{"date": "2021-08", "monthly_sales": "196", "share_manufacturers": "0.31%", "sales_ranking_month": "381", "maker_ranking": "14", "ranking_compact_cars": "70"}
{"date": "2021-07", "monthly_sales": "371", "share_manufacturers": "0.53%", "sales_ranking_month": "324", "maker_ranking": "14", "ranking_compact_cars": "61"}
{"date": "2021-06", "monthly_sales": "456", "share_manufacturers": "0.67%", "sales_ranking_month": "324", "maker_ranking": "14", "ranking_compact_cars": "61"}
{"date": "2021-05", "monthly_sales": "304", "share_manufacturers": "0.40%", "sales_ranking_month": "362", "maker_ranking": "16", "ranking_compact_cars": "62"}
{"date": "2021-04", "monthly_sales": "148", "share_manufacturers": "0.18%", "sales_ranking_month": "397", "maker_ranking": "15", "ranking_compact_cars": "70"}
{"date": "2021-03", "monthly_sales": "701", "share_manufacturers": "0.84%", "sales_ranking_month": "296", "maker_ranking": "13", "ranking_compact_cars": "52"}
{"date": "2021-02", "monthly_sales": "1000", "share_manufacturers": "1.22%", "sales_ranking_month": "201", "maker_ranking": "11", "ranking_compact_cars": "38"}
{"date": "2021-01", "monthly_sales": "1894", "share_manufacturers": "1.66%", "sales_ranking_month": "202", "maker_ranking": "10", "ranking_compact_cars": "37"}
{"date": "2020-12", "monthly_sales": "1175", "share_manufacturers": "1.71%", "sales_ranking_month": "300", "maker_ranking": "13", "ranking_compact_cars": "56"}
{"date": "2020-11", "monthly_sales": "1190", "share_manufacturers": "1.23%", "sales_ranking_month": "281", "maker_ranking": "12", "ranking_compact_cars": "54"}
{"date": "2020-10", "monthly_sales": "2532", "share_manufacturers": "2.66%", "sales_ranking_month": "201", "maker_ranking": "9", "ranking_compact_cars": "44"}
{"date": "2020-09", "monthly_sales": "800", "share_manufacturers": "0.98%", "sales_ranking_month": "294", "maker_ranking": "11", "ranking_compact_cars": "56"}
{"date": "2020-08", "monthly_sales": "871", "share_manufacturers": "1.18%", "sales_ranking_month": "278", "maker_ranking": "11", "ranking_compact_cars": "50"}
{"date": "2020-07", "monthly_sales": "1037", "share_manufacturers": "1.49%", "sales_ranking_month": "254", "maker_ranking": "9", "ranking_compact_cars": "47"}
{"date": "2020-06", "monthly_sales": "1344", "share_manufacturers": "1.96%", "sales_ranking_month": "236", "maker_ranking": "8", "ranking_compact_cars": "48"}
{"date": "2020-05", "monthly_sales": "2292", "share_manufacturers": "3.91%", "sales_ranking_month": "175", "maker_ranking": "7", "ranking_compact_cars": "42"}
{"date": "2020-04", "monthly_sales": "743", "share_manufacturers": "1.38%", "sales_ranking_month": "273", "maker_ranking": "8", "ranking_compact_cars": "54"}
{"date": "2020-03", "monthly_sales": "1338", "share_manufacturers": "2.58%", "sales_ranking_month": "184", "maker_ranking": "6", "ranking_compact_cars": "43"}
{"date": "2020-02", "monthly_sales": "199", "share_manufacturers": "1.83%", "sales_ranking_month": "204", "maker_ranking": "11", "ranking_compact_cars": "48"}
{"date": "2020-01", "monthly_sales": "1161", "share_manufacturers": "1.98%", "sales_ranking_month": "237", "maker_ranking": "6", "ranking_compact_cars": "53"}
{"date": "2019-12", "monthly_sales": "2450", "share_manufacturers": "3.31%", "sales_ranking_month": "206", "maker_ranking": "6", "ranking_compact_cars": "51"}
{"date": "2019-11", "monthly_sales": "2464", "share_manufacturers": "3.42%", "sales_ranking_month": "201", "maker_ranking": "7", "ranking_compact_cars": "48"}
{"date": "2019-10", "monthly_sales": "3284", "share_manufacturers": "5.18%", "sales_ranking_month": "167", "maker_ranking": "5", "ranking_compact_cars": "49"}
{"date": "2019-09", "monthly_sales": "2796", "share_manufacturers": "4.92%", "sales_ranking_month": "186", "maker_ranking": "5", "ranking_compact_cars": "49"}
{"date": "2019-08", "monthly_sales": "2187", "share_manufacturers": "4.85%", "sales_ranking_month": "200", "maker_ranking": "7", "ranking_compact_cars": "51"}
{"date": "2019-07", "monthly_sales": "2090", "share_manufacturers": "4.98%", "sales_ranking_month": "196", "maker_ranking": "5", "ranking_compact_cars": "49"}
{"date": "2019-06", "monthly_sales": "3760", "share_manufacturers": "7.53%", "sales_ranking_month": "151", "maker_ranking": "5", "ranking_compact_cars": "48"}
{"date": "2019-05", "monthly_sales": "2813", "share_manufacturers": "7.66%", "sales_ranking_month": "166", "maker_ranking": "5", "ranking_compact_cars": "49"}
{"date": "2019-04", "monthly_sales": "1448", "share_manufacturers": "4.45%", "sales_ranking_month": "239", "maker_ranking": "6", "ranking_compact_cars": "63"}
{"date": "2019-03", "monthly_sales": "3386", "share_manufacturers": "5.73%", "sales_ranking_month": "161", "maker_ranking": "5", "ranking_compact_cars": "43"}
{"date": "2019-02", "monthly_sales": "2844", "share_manufacturers": "6.23%", "sales_ranking_month": "134", "maker_ranking": "5", "ranking_compact_cars": "39"}
{"date": "2019-01", "monthly_sales": "2777", "share_manufacturers": "3.98%", "sales_ranking_month": "177", "maker_ranking": "6", "ranking_compact_cars": "46"}
{"date": "2018-12", "monthly_sales": "1065", "share_manufacturers": "2.70%", "sales_ranking_month": "313", "maker_ranking": "7", "ranking_compact_cars": "74"}
{"date": "2018-11", "monthly_sales": "3389", "share_manufacturers": "6.09%", "sales_ranking_month": "182", "maker_ranking": "5", "ranking_compact_cars": "49"}
