{"date": null, "monthly_sales": null, "share_manufacturers": null, "sales_ranking_month": null, "maker_ranking": null, "ranking_compact_cars": null}
{"date": "2023-03", "monthly_sales": "332", "share_manufacturers": "0.49%", "sales_ranking_month": "397", "maker_ranking": "13", "ranking_compact_cars": "69"}
{"date": "2023-02", "monthly_sales": "1100", "share_manufacturers": "1.52%", "sales_ranking_month": "237", "maker_ranking": "11", "ranking_compact_cars": "52"}
{"date": "2023-01", "monthly_sales": "1182", "share_manufacturers": "1.31%", "sales_ranking_month": "218", "maker_ranking": "12", "ranking_compact_cars": "50"}
{"date": "2022-12", "monthly_sales": "2677", "share_manufacturers": "2.15%", "sales_ranking_month": "208", "maker_ranking": "9", "ranking_compact_cars": "48"}
{"date": "2022-11", "monthly_sales": "1751", "share_manufacturers": "2.04%", "sales_ranking_month": "240", "maker_ranking": "9", "ranking_compact_cars": "52"}
{"date": "2022-10", "monthly_sales": "2773", "share_manufacturers": "2.53%", "sales_ranking_month": "193", "maker_ranking": "10", "ranking_compact_cars": "44"}
{"date": "2022-09", "monthly_sales": "2205", "share_manufacturers": "2.38%", "sales_ranking_month": "228", "maker_ranking": "8", "ranking_compact_cars": "52"}
{"date": "2022-08", "monthly_sales": "50", "share_manufacturers": "0.10%", "sales_ranking_month": "468", "maker_ranking": "16", "ranking_compact_cars": "74"}
{"date": "2022-07", "monthly_sales": "2354", "share_manufacturers": "2.43%", "sales_ranking_month": "218", "maker_ranking": "11", "ranking_compact_cars": "47"}
{"date": "2022-06", "monthly_sales": "1603", "share_manufacturers": "1.82%", "sales_ranking_month": "250", "maker_ranking": "12", "ranking_compact_cars": "52"}
{"date": "2022-05", "monthly_sales": "1219", "share_manufacturers": "1.84%", "sales_ranking_month": "247", "maker_ranking": "13", "ranking_compact_cars": "54"}
{"date": "2022-04", "monthly_sales": "1152", "share_manufacturers": "2.40%", "sales_ranking_month": "186", "maker_ranking": "9", "ranking_compact_cars": "48"}
{"date": "2022-03", "monthly_sales": "3160", "share_manufacturers": "2.87%", "sales_ranking_month": "157", "maker_ranking": "10", "ranking_compact_cars": "36"}
{"date": "2021-12", "monthly_sales": "1234", "share_manufacturers": "1.90%", "sales_ranking_month": "307", "maker_ranking": "10", "ranking_compact_cars": "58"}
{"date": "2021-11", "monthly_sales": "2770", "share_manufacturers": "3.64%", "sales_ranking_month": "196", "maker_ranking": "9", "ranking_compact_cars": "39"}
{"date": "2021-10", "monthly_sales": "2424", "share_manufacturers": "2.94%", "sales_ranking_month": "199", "maker_ranking": "10", "ranking_compact_cars": "40"}
{"date": "2021-09", "monthly_sales": "1602", "share_manufacturers": "2.22%", "sales_ranking_month": "224", "maker_ranking": "11", "ranking_compact_cars": "46"}
{"date": "2021-08", "monthly_sales": "1615", "share_manufacturers": "2.56%", "sales_ranking_month": "208", "maker_ranking": "10", "ranking_compact_cars": "44"}
{"date": "2021-07", "monthly_sales": "1186", "share_manufacturers": "1.69%", "sales_ranking_month": "236", "maker_ranking": "12", "ranking_compact_cars": "50"}
{"date": "2021-06", "monthly_sales": "1735", "share_manufacturers": "2.55%", "sales_ranking_month": "211", "maker_ranking": "10", "ranking_compact_cars": "42"}
{"date": "2021-05", "monthly_sales": "410", "share_manufacturers": "0.54%", "sales_ranking_month": "341", "maker_ranking": "14", "ranking_compact_cars": "60"}
{"date": "2021-04", "monthly_sales": "161", "share_manufacturers": "0.19%", "sales_ranking_month": "395", "maker_ranking": "14", "ranking_compact_cars": "68"}
{"date": "2021-03", "monthly_sales": "373", "share_manufacturers": "0.45%", "sales_ranking_month": "341", "maker_ranking": "14", "ranking_compact_cars": "60"}
{"date": "2021-02", "monthly_sales": "90", "share_manufacturers": "0.11%", "sales_ranking_month": "374", "maker_ranking": "14", "ranking_compact_cars": "64"}
{"date": "2021-01", "monthly_sales": "51", "share_manufacturers": "0.04%", "sales_ranking_month": "440", "maker_ranking": "15", "ranking_compact_cars": "76"}
{"date": "2020-12", "monthly_sales": "2024", "share_manufacturers": "2.94%", "sales_ranking_month": "246", "maker_ranking": "10", "ranking_compact_cars": "49"}
{"date": "2020-11", "monthly_sales": "2741", "share_manufacturers": "2.82%", "sales_ranking_month": "190", "maker_ranking": "8", "ranking_compact_cars": "40"}
{"date": "2020-10", "monthly_sales": "1623", "share_manufacturers": "1.70%", "sales_ranking_month": "248", "maker_ranking": "10", "ranking_compact_cars": "49"}
{"date": "2020-09", "monthly_sales": "2107", "share_manufacturers": "2.58%", "sales_ranking_month": "207", "maker_ranking": "9", "ranking_compact_cars": "46"}
{"date": "2020-08", "monthly_sales": "1722", "share_manufacturers": "2.33%", "sales_ranking_month": "203", "maker_ranking": "8", "ranking_compact_cars": "41"}
{"date": "2020-07", "monthly_sales": "546", "share_manufacturers": "0.78%", "sales_ranking_month": "319", "maker_ranking": "12", "ranking_compact_cars": "62"}
{"date": "2020-06", "monthly_sales": "201", "share_manufacturers": "100.00%", "sales_ranking_month": "373", "maker_ranking": "1", "ranking_compact_cars": "71"}
{"date": "2020-05", "monthly_sales": "476", "share_manufacturers": "95.97%", "sales_ranking_month": "322", "maker_ranking": "1", "ranking_compact_cars": "61"}
{"date": "2020-04", "monthly_sales": "357", "share_manufacturers": "97.01%", "sales_ranking_month": "324", "maker_ranking": "1", "ranking_compact_cars": "64"}
{"date": "2020-03", "monthly_sales": "692", "share_manufacturers": "87.48%", "sales_ranking_month": "243", "maker_ranking": "1", "ranking_compact_cars": "52"}
{"date": "2020-02", "monthly_sales": "408", "share_manufacturers": "99.27%", "sales_ranking_month": "135", "maker_ranking": "1", "ranking_compact_cars": "33"}
{"date": "2020-01", "monthly_sales": "806", "share_manufacturers": "97.93%", "sales_ranking_month": "272", "maker_ranking": "1", "ranking_compact_cars": "59"}
{"date": "2019-12", "monthly_sales": "1484", "share_manufacturers": "63.04%", "sales_ranking_month": "266", "maker_ranking": "1", "ranking_compact_cars": "63"}
{"date": "2019-11", "monthly_sales": "1914", "share_manufacturers": "89.82%", "sales_ranking_month": "229", "maker_ranking": "1", "ranking_compact_cars": "55"}
{"date": "2019-10", "monthly_sales": "917", "share_manufacturers": "82.54%", "sales_ranking_month": "284", "maker_ranking": "1", "ranking_compact_cars": "60"}
{"date": "2019-09", "monthly_sales": "483", "share_manufacturers": "98.57%", "sales_ranking_month": "337", "maker_ranking": "1", "ranking_compact_cars": "72"}
{"date": "2019-08", "monthly_sales": "1075", "share_manufacturers": "97.73%", "sales_ranking_month": "274", "maker_ranking": "1", "ranking_compact_cars": "61"}
{"date": "2019-07", "monthly_sales": "682", "share_manufacturers": "98.55%", "sales_ranking_month": "298", "maker_ranking": "1", "ranking_compact_cars": "64"}
{"date": "2019-06", "monthly_sales": "7340", "share_manufacturers": "99.47%", "sales_ranking_month": "69", "maker_ranking": "1", "ranking_compact_cars": "21"}
{"date": "2019-05", "monthly_sales": "1892", "share_manufacturers": "73.73%", "sales_ranking_month": "197", "maker_ranking": "1", "ranking_compact_cars": "52"}
{"date": "2019-04", "monthly_sales": "647", "share_manufacturers": "71.26%", "sales_ranking_month": "310", "maker_ranking": "1", "ranking_compact_cars": "71"}
{"date": "2019-03", "monthly_sales": "3426", "share_manufacturers": "95.09%", "sales_ranking_month": "158", "maker_ranking": "1", "ranking_compact_cars": "42"}
{"date": "2019-02", "monthly_sales": "1239", "share_manufacturers": "81.41%", "sales_ranking_month": "216", "maker_ranking": "1", "ranking_compact_cars": "52"}
{"date": "2019-01", "monthly_sales": "2049", "share_manufacturers": "85.20%", "sales_ranking_month": "207", "maker_ranking": "1", "ranking_compact_cars": "52"}
{"date": "2018-12", "monthly_sales": "1601", "share_manufacturers": "63.28%", "sales_ranking_month": "273", "maker_ranking": "1", "ranking_compact_cars": "66"}
