{"date": null, "monthly_sales": null, "share_manufacturers": null, "sales_ranking_month": null, "maker_ranking": null, "ranking_compact_cars": null}
{"date": "2023-03", "monthly_sales": "10702", "share_manufacturers": "17.69%", "sales_ranking_month": "36", "maker_ranking": "2", "ranking_compact_cars": "10"}
{"date": "2023-02", "monthly_sales": "13197", "share_manufacturers": "19.72%", "sales_ranking_month": "17", "maker_ranking": "2", "ranking_compact_cars": "6"}
{"date": "2023-01", "monthly_sales": "9619", "share_manufacturers": "15.74%", "sales_ranking_month": "36", "maker_ranking": "2", "ranking_compact_cars": "11"}
{"date": "2022-12", "monthly_sales": "16525", "share_manufacturers": "22.32%", "sales_ranking_month": "23", "maker_ranking": "1", "ranking_compact_cars": "9"}
{"date": "2022-11", "monthly_sales": "14495", "share_manufacturers": "17.02%", "sales_ranking_month": "26", "maker_ranking": "2", "ranking_compact_cars": "9"}
{"date": "2022-10", "monthly_sales": "15682", "share_manufacturers": "19.41%", "sales_ranking_month": "30", "maker_ranking": "2", "ranking_compact_cars": "10"}
{"date": "2022-09", "monthly_sales": "17228", "share_manufacturers": "17.95%", "sales_ranking_month": "27", "maker_ranking": "2", "ranking_compact_cars": "7"}
{"date": "2022-08", "monthly_sales": "20133", "share_manufacturers": "18.53%", "sales_ranking_month": "22", "maker_ranking": "2", "ranking_compact_cars": "6"}
{"date": "2022-07", "monthly_sales": "16881", "share_manufacturers": "20.11%", "sales_ranking_month": "24", "maker_ranking": "2", "ranking_compact_cars": "7"}
{"date": "2022-06", "monthly_sales": "19481", "share_manufacturers": "19.33%", "sales_ranking_month": "18", "maker_ranking": "2", "ranking_compact_cars": "6"}
{"date": "2022-05", "monthly_sales": "12916", "share_manufacturers": "15.43%", "sales_ranking_month": "24", "maker_ranking": "2", "ranking_compact_cars": "8"}
{"date": "2022-04", "monthly_sales": "16548", "share_manufacturers": "24.18%", "sales_ranking_month": "5", "maker_ranking": "1", "ranking_compact_cars": "3"}
{"date": "2022-03", "monthly_sales": "19977", "share_manufacturers": "20.60%", "sales_ranking_month": "14", "maker_ranking": "2", "ranking_compact_cars": "5"}
{"date": "2022-02", "monthly_sales": "10236", "share_manufacturers": "20.59%", "sales_ranking_month": "37", "maker_ranking": "2", "ranking_compact_cars": "10"}
{"date": "2022-01", "monthly_sales": "19485", "share_manufacturers": "19.54%", "sales_ranking_month": "18", "maker_ranking": "2", "ranking_compact_cars": "6"}
{"date": "2021-12", "monthly_sales": "24179", "share_manufacturers": "25.84%", "sales_ranking_month": "11", "maker_ranking": "1", "ranking_compact_cars": "6"}
{"date": "2021-11", "monthly_sales": "23256", "share_manufacturers": "28.68%", "sales_ranking_month": "13", "maker_ranking": "1", "ranking_compact_cars": "6"}
{"date": "2021-10", "monthly_sales": "5182", "share_manufacturers": "9.10%", "sales_ranking_month": "117", "maker_ranking": "5", "ranking_compact_cars": "28"}
{"date": "2021-09", "monthly_sales": "11536", "share_manufacturers": "25.81%", "sales_ranking_month": "35", "maker_ranking": "1", "ranking_compact_cars": "11"}
{"date": "2021-08", "monthly_sales": "9060", "share_manufacturers": "23.38%", "sales_ranking_month": "47", "maker_ranking": "1", "ranking_compact_cars": "12"}
{"date": "2021-07", "monthly_sales": "22969", "share_manufacturers": "30.57%", "sales_ranking_month": "5", "maker_ranking": "1", "ranking_compact_cars": "3"}
{"date": "2021-06", "monthly_sales": "23944", "share_manufacturers": "32.71%", "sales_ranking_month": "5", "maker_ranking": "1", "ranking_compact_cars": "3"}
{"date": "2021-05", "monthly_sales": "23916", "share_manufacturers": "34.16%", "sales_ranking_month": "8", "maker_ranking": "1", "ranking_compact_cars": "6"}
{"date": "2021-04", "monthly_sales": "20321", "share_manufacturers": "27.50%", "sales_ranking_month": "13", "maker_ranking": "1", "ranking_compact_cars": "5"}
{"date": "2021-03", "monthly_sales": "19759", "share_manufacturers": "28.72%", "sales_ranking_month": "12", "maker_ranking": "1", "ranking_compact_cars": "7"}
{"date": "2021-02", "monthly_sales": "13961", "share_manufacturers": "33.64%", "sales_ranking_month": "11", "maker_ranking": "1", "ranking_compact_cars": "6"}
{"date": "2021-01", "monthly_sales": "28763", "share_manufacturers": "32.03%", "sales_ranking_month": "10", "maker_ranking": "1", "ranking_compact_cars": "6"}
{"date": "2020-12", "monthly_sales": "21407", "share_manufacturers": "29.67%", "sales_ranking_month": "18", "maker_ranking": "1", "ranking_compact_cars": "9"}
{"date": "2020-11", "monthly_sales": "22597", "share_manufacturers": "29.20%", "sales_ranking_month": "17", "maker_ranking": "1", "ranking_compact_cars": "8"}
{"date": "2020-10", "monthly_sales": "20582", "share_manufacturers": "28.59%", "sales_ranking_month": "16", "maker_ranking": "1", "ranking_compact_cars": "8"}
{"date": "2020-09", "monthly_sales": "25911", "share_manufacturers": "31.99%", "sales_ranking_month": "10", "maker_ranking": "1", "ranking_compact_cars": "7"}
{"date": "2020-08", "monthly_sales": "20240", "share_manufacturers": "30.52%", "sales_ranking_month": "12", "maker_ranking": "1", "ranking_compact_cars": "8"}
{"date": "2020-07", "monthly_sales": "19537", "share_manufacturers": "26.42%", "sales_ranking_month": "10", "maker_ranking": "1", "ranking_compact_cars": "7"}
{"date": "2020-06", "monthly_sales": "14454", "share_manufacturers": "21.61%", "sales_ranking_month": "32", "maker_ranking": "2", "ranking_compact_cars": "12"}
{"date": "2020-05", "monthly_sales": "19687", "share_manufacturers": "29.43%", "sales_ranking_month": "12", "maker_ranking": "1", "ranking_compact_cars": "9"}
{"date": "2020-04", "monthly_sales": "19815", "share_manufacturers": "31.15%", "sales_ranking_month": "11", "maker_ranking": "1", "ranking_compact_cars": "9"}
{"date": "2020-03", "monthly_sales": "13719", "share_manufacturers": "27.85%", "sales_ranking_month": "10", "maker_ranking": "2", "ranking_compact_cars": "6"}
{"date": "2020-02", "monthly_sales": "497", "share_manufacturers": "9.04%", "sales_ranking_month": "119", "maker_ranking": "4", "ranking_compact_cars": "30"}
{"date": "2020-01", "monthly_sales": "23915", "share_manufacturers": "36.03%", "sales_ranking_month": "8", "maker_ranking": "1", "ranking_compact_cars": "6"}
{"date": "2019-12", "monthly_sales": "17445", "share_manufacturers": "27.42%", "sales_ranking_month": "26", "maker_ranking": "1", "ranking_compact_cars": "12"}
{"date": "2019-11", "monthly_sales": "22393", "share_manufacturers": "33.36%", "sales_ranking_month": "13", "maker_ranking": "1", "ranking_compact_cars": "7"}
{"date": "2019-10", "monthly_sales": "20516", "share_manufacturers": "29.02%", "sales_ranking_month": "13", "maker_ranking": "1", "ranking_compact_cars": "7"}
{"date": "2019-09", "monthly_sales": "21785", "share_manufacturers": "33.52%", "sales_ranking_month": "12", "maker_ranking": "1", "ranking_compact_cars": "9"}
{"date": "2019-08", "monthly_sales": "21990", "share_manufacturers": "37.91%", "sales_ranking_month": "8", "maker_ranking": "1", "ranking_compact_cars": "6"}
{"date": "2019-07", "monthly_sales": "21771", "share_manufacturers": "35.11%", "sales_ranking_month": "10", "maker_ranking": "1", "ranking_compact_cars": "8"}
{"date": "2019-06", "monthly_sales": "12710", "share_manufacturers": "22.90%", "sales_ranking_month": "32", "maker_ranking": "2", "ranking_compact_cars": "13"}
{"date": "2019-05", "monthly_sales": "6267", "share_manufacturers": "12.39%", "sales_ranking_month": "72", "maker_ranking": "4", "ranking_compact_cars": "25"}
{"date": "2019-04", "monthly_sales": "13873", "share_manufacturers": "32.04%", "sales_ranking_month": "16", "maker_ranking": "2", "ranking_compact_cars": "8"}
{"date": "2019-03", "monthly_sales": "18388", "share_manufacturers": "33.48%", "sales_ranking_month": "15", "maker_ranking": "1", "ranking_compact_cars": "9"}
{"date": "2019-02", "monthly_sales": "10087", "share_manufacturers": "37.08%", "sales_ranking_month": "27", "maker_ranking": "1", "ranking_compact_cars": "13"}
