{"date": null, "monthly_sales": null, "share_manufacturers": null, "sales_ranking_month": null, "maker_ranking": null, "ranking_compact_cars": null}
{"date": "2023-03", "monthly_sales": "9", "share_manufacturers": "0.01%", "sales_ranking_month": "534", "maker_ranking": "14", "ranking_compact_cars": "87"}
{"date": "2023-02", "monthly_sales": "3", "share_manufacturers": "0.00%", "sales_ranking_month": "532", "maker_ranking": "15", "ranking_compact_cars": "87"}
{"date": "2023-01", "monthly_sales": "5", "share_manufacturers": "0.01%", "sales_ranking_month": "526", "maker_ranking": "15", "ranking_compact_cars": "86"}
{"date": "2022-06", "monthly_sales": "83", "share_manufacturers": "0.08%", "sales_ranking_month": "456", "maker_ranking": "13", "ranking_compact_cars": "82"}
{"date": "2022-05", "monthly_sales": "5", "share_manufacturers": "0.01%", "sales_ranking_month": "490", "maker_ranking": "13", "ranking_compact_cars": "84"}
{"date": "2022-04", "monthly_sales": "1", "share_manufacturers": "0.00%", "sales_ranking_month": "498", "maker_ranking": "13", "ranking_compact_cars": "85"}
{"date": "2022-03", "monthly_sales": "55", "share_manufacturers": "0.06%", "sales_ranking_month": "463", "maker_ranking": "13", "ranking_compact_cars": "83"}
{"date": "2022-02", "monthly_sales": "50", "share_manufacturers": "0.10%", "sales_ranking_month": "446", "maker_ranking": "12", "ranking_compact_cars": "83"}
{"date": "2022-01", "monthly_sales": "96", "share_manufacturers": "0.10%", "sales_ranking_month": "433", "maker_ranking": "12", "ranking_compact_cars": "75"}
{"date": "2021-12", "monthly_sales": "53", "share_manufacturers": "0.06%", "sales_ranking_month": "480", "maker_ranking": "10", "ranking_compact_cars": "79"}
{"date": "2021-11", "monthly_sales": "95", "share_manufacturers": "0.12%", "sales_ranking_month": "457", "maker_ranking": "9", "ranking_compact_cars": "74"}
{"date": "2021-10", "monthly_sales": "198", "share_manufacturers": "0.35%", "sales_ranking_month": "406", "maker_ranking": "8", "ranking_compact_cars": "71"}
{"date": "2021-09", "monthly_sales": "145", "share_manufacturers": "0.32%", "sales_ranking_month": "408", "maker_ranking": "9", "ranking_compact_cars": "67"}
{"date": "2021-08", "monthly_sales": "14", "share_manufacturers": "0.04%", "sales_ranking_month": "458", "maker_ranking": "9", "ranking_compact_cars": "80"}
{"date": "2021-07", "monthly_sales": "205", "share_manufacturers": "0.27%", "sales_ranking_month": "373", "maker_ranking": "9", "ranking_compact_cars": "71"}
{"date": "2021-06", "monthly_sales": "293", "share_manufacturers": "0.40%", "sales_ranking_month": "354", "maker_ranking": "7", "ranking_compact_cars": "65"}
{"date": "2021-05", "monthly_sales": "97", "share_manufacturers": "0.14%", "sales_ranking_month": "417", "maker_ranking": "8", "ranking_compact_cars": "73"}
{"date": "2021-04", "monthly_sales": "449", "share_manufacturers": "0.61%", "sales_ranking_month": "332", "maker_ranking": "8", "ranking_compact_cars": "55"}
{"date": "2021-03", "monthly_sales": "244", "share_manufacturers": "0.35%", "sales_ranking_month": "371", "maker_ranking": "8", "ranking_compact_cars": "66"}
{"date": "2021-02", "monthly_sales": "100", "share_manufacturers": "0.24%", "sales_ranking_month": "369", "maker_ranking": "8", "ranking_compact_cars": "62"}
{"date": "2021-01", "monthly_sales": "376", "share_manufacturers": "0.42%", "sales_ranking_month": "347", "maker_ranking": "8", "ranking_compact_cars": "60"}
{"date": "2020-12", "monthly_sales": "211", "share_manufacturers": "0.29%", "sales_ranking_month": "414", "maker_ranking": "8", "ranking_compact_cars": "80"}
{"date": "2020-11", "monthly_sales": "176", "share_manufacturers": "0.23%", "sales_ranking_month": "418", "maker_ranking": "8", "ranking_compact_cars": "80"}
{"date": "2020-10", "monthly_sales": "406", "share_manufacturers": "0.56%", "sales_ranking_month": "363", "maker_ranking": "8", "ranking_compact_cars": "70"}
{"date": "2020-09", "monthly_sales": "402", "share_manufacturers": "0.50%", "sales_ranking_month": "346", "maker_ranking": "8", "ranking_compact_cars": "66"}
{"date": "2020-08", "monthly_sales": "310", "share_manufacturers": "0.47%", "sales_ranking_month": "355", "maker_ranking": "8", "ranking_compact_cars": "66"}
{"date": "2020-07", "monthly_sales": "649", "share_manufacturers": "0.88%", "sales_ranking_month": "306", "maker_ranking": "8", "ranking_compact_cars": "57"}
{"date": "2020-06", "monthly_sales": "642", "share_manufacturers": "0.96%", "sales_ranking_month": "318", "maker_ranking": "8", "ranking_compact_cars": "63"}
{"date": "2020-05", "monthly_sales": "316", "share_manufacturers": "0.47%", "sales_ranking_month": "350", "maker_ranking": "9", "ranking_compact_cars": "66"}
{"date": "2020-04", "monthly_sales": "437", "share_manufacturers": "0.69%", "sales_ranking_month": "314", "maker_ranking": "8", "ranking_compact_cars": "63"}
{"date": "2020-03", "monthly_sales": "287", "share_manufacturers": "0.58%", "sales_ranking_month": "322", "maker_ranking": "7", "ranking_compact_cars": "61"}
{"date": "2020-02", "monthly_sales": "--", "share_manufacturers": "--", "sales_ranking_month": "--", "maker_ranking": "--", "ranking_compact_cars": "--"}
{"date": "2020-01", "monthly_sales": "486", "share_manufacturers": "0.73%", "sales_ranking_month": "312", "maker_ranking": "7", "ranking_compact_cars": "67"}
{"date": "2019-12", "monthly_sales": "776", "share_manufacturers": "1.22%", "sales_ranking_month": "326", "maker_ranking": "7", "ranking_compact_cars": "75"}
{"date": "2019-11", "monthly_sales": "513", "share_manufacturers": "0.76%", "sales_ranking_month": "336", "maker_ranking": "7", "ranking_compact_cars": "77"}
{"date": "2019-10", "monthly_sales": "478", "share_manufacturers": "0.68%", "sales_ranking_month": "328", "maker_ranking": "7", "ranking_compact_cars": "68"}
{"date": "2019-09", "monthly_sales": "250", "share_manufacturers": "0.38%", "sales_ranking_month": "379", "maker_ranking": "7", "ranking_compact_cars": "82"}
{"date": "2019-08", "monthly_sales": "506", "share_manufacturers": "0.87%", "sales_ranking_month": "331", "maker_ranking": "7", "ranking_compact_cars": "70"}
{"date": "2019-07", "monthly_sales": "1040", "share_manufacturers": "1.68%", "sales_ranking_month": "259", "maker_ranking": "7", "ranking_compact_cars": "58"}
{"date": "2019-06", "monthly_sales": "1185", "share_manufacturers": "2.14%", "sales_ranking_month": "269", "maker_ranking": "7", "ranking_compact_cars": "61"}
{"date": "2019-05", "monthly_sales": "1771", "share_manufacturers": "3.50%", "sales_ranking_month": "211", "maker_ranking": "7", "ranking_compact_cars": "54"}
{"date": "2019-04", "monthly_sales": "1204", "share_manufacturers": "2.78%", "sales_ranking_month": "257", "maker_ranking": "6", "ranking_compact_cars": "66"}
