{"date": null, "monthly_sales": null, "share_manufacturers": null, "sales_ranking_month": null, "maker_ranking": null, "ranking_compact_cars": null}
{"date": "2023-03", "monthly_sales": "5007", "share_manufacturers": "39.32%", "sales_ranking_month": "101", "maker_ranking": "2", "ranking_compact_cars": "25"}
{"date": "2023-02", "monthly_sales": "4600", "share_manufacturers": "39.00%", "sales_ranking_month": "96", "maker_ranking": "2", "ranking_compact_cars": "24"}
{"date": "2023-01", "monthly_sales": "3987", "share_manufacturers": "36.86%", "sales_ranking_month": "108", "maker_ranking": "2", "ranking_compact_cars": "26"}
{"date": "2022-12", "monthly_sales": "7227", "share_manufacturers": "32.87%", "sales_ranking_month": "97", "maker_ranking": "1", "ranking_compact_cars": "24"}
{"date": "2022-11", "monthly_sales": "7025", "share_manufacturers": "38.68%", "sales_ranking_month": "79", "maker_ranking": "1", "ranking_compact_cars": "18"}
{"date": "2022-10", "monthly_sales": "4500", "share_manufacturers": "27.37%", "sales_ranking_month": "144", "maker_ranking": "2", "ranking_compact_cars": "35"}
{"date": "2022-09", "monthly_sales": "3251", "share_manufacturers": "20.10%", "sales_ranking_month": "181", "maker_ranking": "2", "ranking_compact_cars": "42"}
{"date": "2022-08", "monthly_sales": "4196", "share_manufacturers": "27.72%", "sales_ranking_month": "143", "maker_ranking": "1", "ranking_compact_cars": "32"}
{"date": "2022-07", "monthly_sales": "4077", "share_manufacturers": "27.17%", "sales_ranking_month": "155", "maker_ranking": "1", "ranking_compact_cars": "34"}
{"date": "2022-06", "monthly_sales": "3290", "share_manufacturers": "24.94%", "sales_ranking_month": "172", "maker_ranking": "1", "ranking_compact_cars": "41"}
{"date": "2022-05", "monthly_sales": "3203", "share_manufacturers": "28.25%", "sales_ranking_month": "142", "maker_ranking": "1", "ranking_compact_cars": "39"}
{"date": "2022-04", "monthly_sales": "3089", "share_manufacturers": "29.99%", "sales_ranking_month": "90", "maker_ranking": "1", "ranking_compact_cars": "26"}
{"date": "2022-03", "monthly_sales": "4104", "share_manufacturers": "30.25%", "sales_ranking_month": "132", "maker_ranking": "1", "ranking_compact_cars": "33"}
{"date": "2022-02", "monthly_sales": "3077", "share_manufacturers": "29.24%", "sales_ranking_month": "134", "maker_ranking": "1", "ranking_compact_cars": "31"}
{"date": "2022-01", "monthly_sales": "6818", "share_manufacturers": "37.19%", "sales_ranking_month": "93", "maker_ranking": "1", "ranking_compact_cars": "24"}
{"date": "2021-12", "monthly_sales": "10025", "share_manufacturers": "38.58%", "sales_ranking_month": "76", "maker_ranking": "1", "ranking_compact_cars": "18"}
{"date": "2021-11", "monthly_sales": "8504", "share_manufacturers": "34.01%", "sales_ranking_month": "79", "maker_ranking": "1", "ranking_compact_cars": "19"}
{"date": "2021-10", "monthly_sales": "7700", "share_manufacturers": "33.82%", "sales_ranking_month": "81", "maker_ranking": "1", "ranking_compact_cars": "21"}
{"date": "2021-09", "monthly_sales": "7738", "share_manufacturers": "48.90%", "sales_ranking_month": "72", "maker_ranking": "1", "ranking_compact_cars": "20"}
{"date": "2021-08", "monthly_sales": "2281", "share_manufacturers": "37.77%", "sales_ranking_month": "171", "maker_ranking": "1", "ranking_compact_cars": "37"}
{"date": "2021-07", "monthly_sales": "5695", "share_manufacturers": "31.25%", "sales_ranking_month": "81", "maker_ranking": "1", "ranking_compact_cars": "20"}
{"date": "2021-06", "monthly_sales": "3957", "share_manufacturers": "23.53%", "sales_ranking_month": "116", "maker_ranking": "2", "ranking_compact_cars": "27"}
{"date": "2021-05", "monthly_sales": "5017", "share_manufacturers": "28.33%", "sales_ranking_month": "100", "maker_ranking": "1", "ranking_compact_cars": "23"}
{"date": "2021-04", "monthly_sales": "6534", "share_manufacturers": "34.91%", "sales_ranking_month": "79", "maker_ranking": "1", "ranking_compact_cars": "17"}
{"date": "2021-03", "monthly_sales": "4665", "share_manufacturers": "29.27%", "sales_ranking_month": "111", "maker_ranking": "2", "ranking_compact_cars": "25"}
{"date": "2021-02", "monthly_sales": "4274", "share_manufacturers": "37.03%", "sales_ranking_month": "75", "maker_ranking": "1", "ranking_compact_cars": "17"}
{"date": "2021-01", "monthly_sales": "10071", "share_manufacturers": "100.00%", "sales_ranking_month": "62", "maker_ranking": "1", "ranking_compact_cars": "15"}
{"date": "2020-12", "monthly_sales": "7958", "share_manufacturers": "100.00%", "sales_ranking_month": "80", "maker_ranking": "1", "ranking_compact_cars": "20"}
{"date": "2020-11", "monthly_sales": "7237", "share_manufacturers": "100.00%", "sales_ranking_month": "84", "maker_ranking": "1", "ranking_compact_cars": "20"}
{"date": "2020-10", "monthly_sales": "7131", "share_manufacturers": "100.00%", "sales_ranking_month": "81", "maker_ranking": "1", "ranking_compact_cars": "20"}
{"date": "2020-09", "monthly_sales": "6823", "share_manufacturers": "100.00%", "sales_ranking_month": "85", "maker_ranking": "1", "ranking_compact_cars": "22"}
{"date": "2020-08", "monthly_sales": "6823", "share_manufacturers": "39.91%", "sales_ranking_month": "73", "maker_ranking": "1", "ranking_compact_cars": "18"}
{"date": "2020-07", "monthly_sales": "5973", "share_manufacturers": "38.96%", "sales_ranking_month": "81", "maker_ranking": "1", "ranking_compact_cars": "19"}
{"date": "2020-06", "monthly_sales": "4520", "share_manufacturers": "34.21%", "sales_ranking_month": "114", "maker_ranking": "1", "ranking_compact_cars": "30"}
{"date": "2020-05", "monthly_sales": "5951", "share_manufacturers": "45.95%", "sales_ranking_month": "79", "maker_ranking": "1", "ranking_compact_cars": "21"}
{"date": "2020-04", "monthly_sales": "5915", "share_manufacturers": "58.24%", "sales_ranking_month": "74", "maker_ranking": "1", "ranking_compact_cars": "20"}
{"date": "2020-03", "monthly_sales": "5307", "share_manufacturers": "72.02%", "sales_ranking_month": "54", "maker_ranking": "1", "ranking_compact_cars": "15"}
{"date": "2020-02", "monthly_sales": "1070", "share_manufacturers": "51.79%", "sales_ranking_month": "61", "maker_ranking": "1", "ranking_compact_cars": "16"}
{"date": "2020-01", "monthly_sales": "5067", "share_manufacturers": "56.25%", "sales_ranking_month": "97", "maker_ranking": "1", "ranking_compact_cars": "24"}
{"date": "2019-12", "monthly_sales": "5952", "share_manufacturers": "55.08%", "sales_ranking_month": "115", "maker_ranking": "1", "ranking_compact_cars": "32"}
{"date": "2019-11", "monthly_sales": "7222", "share_manufacturers": "51.11%", "sales_ranking_month": "83", "maker_ranking": "1", "ranking_compact_cars": "24"}
{"date": "2019-10", "monthly_sales": "6951", "share_manufacturers": "49.52%", "sales_ranking_month": "88", "maker_ranking": "1", "ranking_compact_cars": "27"}
{"date": "2019-09", "monthly_sales": "6528", "share_manufacturers": "47.95%", "sales_ranking_month": "90", "maker_ranking": "1", "ranking_compact_cars": "31"}
{"date": "2019-08", "monthly_sales": "5098", "share_manufacturers": "46.42%", "sales_ranking_month": "102", "maker_ranking": "1", "ranking_compact_cars": "31"}
{"date": "2019-07", "monthly_sales": "3029", "share_manufacturers": "35.15%", "sales_ranking_month": "154", "maker_ranking": "2", "ranking_compact_cars": "44"}
{"date": "2019-06", "monthly_sales": "2093", "share_manufacturers": "24.19%", "sales_ranking_month": "212", "maker_ranking": "2", "ranking_compact_cars": "55"}
{"date": "2019-05", "monthly_sales": "3046", "share_manufacturers": "33.14%", "sales_ranking_month": "160", "maker_ranking": "2", "ranking_compact_cars": "45"}
{"date": "2019-04", "monthly_sales": "3018", "share_manufacturers": "33.15%", "sales_ranking_month": "161", "maker_ranking": "2", "ranking_compact_cars": "50"}
{"date": "2019-03", "monthly_sales": "3008", "share_manufacturers": "33.18%", "sales_ranking_month": "186", "maker_ranking": "2", "ranking_compact_cars": "49"}
{"date": "2019-02", "monthly_sales": "2353", "share_manufacturers": "32.34%", "sales_ranking_month": "157", "maker_ranking": "2", "ranking_compact_cars": "45"}
