{"date": null, "monthly_sales": null, "share_manufacturers": null, "sales_ranking_month": null, "maker_ranking": null, "ranking_compact_cars": null}
{"date": "2023-03", "monthly_sales": "115", "share_manufacturers": "2.55%", "sales_ranking_month": "462", "maker_ranking": "6", "ranking_compact_cars": "77"}
{"date": "2023-02", "monthly_sales": "102", "share_manufacturers": "2.22%", "sales_ranking_month": "449", "maker_ranking": "6", "ranking_compact_cars": "79"}
{"date": "2023-01", "monthly_sales": "571", "share_manufacturers": "18.48%", "sales_ranking_month": "297", "maker_ranking": "3", "ranking_compact_cars": "63"}
{"date": "2022-12", "monthly_sales": "2809", "share_manufacturers": "24.63%", "sales_ranking_month": "205", "maker_ranking": "2", "ranking_compact_cars": "46"}
{"date": "2022-11", "monthly_sales": "1657", "share_manufacturers": "20.70%", "sales_ranking_month": "249", "maker_ranking": "3", "ranking_compact_cars": "53"}
{"date": "2022-10", "monthly_sales": "1611", "share_manufacturers": "21.48%", "sales_ranking_month": "255", "maker_ranking": "3", "ranking_compact_cars": "56"}
{"date": "2022-09", "monthly_sales": "1201", "share_manufacturers": "12.01%", "sales_ranking_month": "302", "maker_ranking": "6", "ranking_compact_cars": "63"}
{"date": "2022-08", "monthly_sales": "2301", "share_manufacturers": "18.49%", "sales_ranking_month": "209", "maker_ranking": "3", "ranking_compact_cars": "42"}
{"date": "2022-07", "monthly_sales": "2253", "share_manufacturers": "26.47%", "sales_ranking_month": "225", "maker_ranking": "3", "ranking_compact_cars": "49"}
{"date": "2022-06", "monthly_sales": "2328", "share_manufacturers": "21.90%", "sales_ranking_month": "205", "maker_ranking": "3", "ranking_compact_cars": "47"}
{"date": "2022-05", "monthly_sales": "806", "share_manufacturers": "13.41%", "sales_ranking_month": "291", "maker_ranking": "3", "ranking_compact_cars": "60"}
{"date": "2022-04", "monthly_sales": "1862", "share_manufacturers": "30.94%", "sales_ranking_month": "135", "maker_ranking": "3", "ranking_compact_cars": "38"}
{"date": "2022-03", "monthly_sales": "2307", "share_manufacturers": "14.87%", "sales_ranking_month": "198", "maker_ranking": "3", "ranking_compact_cars": "46"}
{"date": "2022-02", "monthly_sales": "1511", "share_manufacturers": "16.36%", "sales_ranking_month": "214", "maker_ranking": "3", "ranking_compact_cars": "50"}
{"date": "2022-01", "monthly_sales": "2254", "share_manufacturers": "13.24%", "sales_ranking_month": "208", "maker_ranking": "3", "ranking_compact_cars": "50"}
{"date": "2021-12", "monthly_sales": "1407", "share_manufacturers": "15.75%", "sales_ranking_month": "286", "maker_ranking": "3", "ranking_compact_cars": "55"}
{"date": "2021-11", "monthly_sales": "1898", "share_manufacturers": "18.57%", "sales_ranking_month": "242", "maker_ranking": "3", "ranking_compact_cars": "49"}
{"date": "2021-10", "monthly_sales": "1569", "share_manufacturers": "13.50%", "sales_ranking_month": "244", "maker_ranking": "3", "ranking_compact_cars": "45"}
{"date": "2021-09", "monthly_sales": "1834", "share_manufacturers": "12.68%", "sales_ranking_month": "207", "maker_ranking": "3", "ranking_compact_cars": "41"}
{"date": "2021-08", "monthly_sales": "1972", "share_manufacturers": "22.93%", "sales_ranking_month": "185", "maker_ranking": "3", "ranking_compact_cars": "40"}
{"date": "2021-07", "monthly_sales": "1272", "share_manufacturers": "12.13%", "sales_ranking_month": "230", "maker_ranking": "3", "ranking_compact_cars": "49"}
{"date": "2021-06", "monthly_sales": "572", "share_manufacturers": "7.86%", "sales_ranking_month": "306", "maker_ranking": "3", "ranking_compact_cars": "58"}
{"date": "2021-05", "monthly_sales": "429", "share_manufacturers": "4.76%", "sales_ranking_month": "337", "maker_ranking": "3", "ranking_compact_cars": "59"}
{"date": "2021-04", "monthly_sales": "76", "share_manufacturers": "0.76%", "sales_ranking_month": "424", "maker_ranking": "4", "ranking_compact_cars": "76"}
{"date": "2021-03", "monthly_sales": "47", "share_manufacturers": "0.38%", "sales_ranking_month": "437", "maker_ranking": "4", "ranking_compact_cars": "78"}
{"date": "2021-02", "monthly_sales": "17", "share_manufacturers": "0.22%", "sales_ranking_month": "437", "maker_ranking": "4", "ranking_compact_cars": "76"}
{"date": "2021-01", "monthly_sales": "73", "share_manufacturers": "0.64%", "sales_ranking_month": "431", "maker_ranking": "4", "ranking_compact_cars": "73"}
{"date": "2020-12", "monthly_sales": "690", "share_manufacturers": "4.60%", "sales_ranking_month": "342", "maker_ranking": "4", "ranking_compact_cars": "67"}
{"date": "2020-11", "monthly_sales": "489", "share_manufacturers": "5.21%", "sales_ranking_month": "354", "maker_ranking": "4", "ranking_compact_cars": "69"}
{"date": "2020-10", "monthly_sales": "78", "share_manufacturers": "0.93%", "sales_ranking_month": "446", "maker_ranking": "4", "ranking_compact_cars": "85"}
{"date": "2020-09", "monthly_sales": "29", "share_manufacturers": "0.32%", "sales_ranking_month": "456", "maker_ranking": "4", "ranking_compact_cars": "85"}
{"date": "2020-08", "monthly_sales": "15", "share_manufacturers": "0.21%", "sales_ranking_month": "474", "maker_ranking": "4", "ranking_compact_cars": "86"}
{"date": "2020-07", "monthly_sales": "5", "share_manufacturers": "0.08%", "sales_ranking_month": "494", "maker_ranking": "5", "ranking_compact_cars": "92"}
{"date": "2020-06", "monthly_sales": "5", "share_manufacturers": "0.08%", "sales_ranking_month": "484", "maker_ranking": "5", "ranking_compact_cars": "92"}
{"date": "2020-05", "monthly_sales": "6", "share_manufacturers": "0.09%", "sales_ranking_month": "494", "maker_ranking": "5", "ranking_compact_cars": "96"}
{"date": "2020-04", "monthly_sales": "21", "share_manufacturers": "0.27%", "sales_ranking_month": "446", "maker_ranking": "4", "ranking_compact_cars": "85"}
{"date": "2020-03", "monthly_sales": "55", "share_manufacturers": "0.86%", "sales_ranking_month": "410", "maker_ranking": "5", "ranking_compact_cars": "79"}
{"date": "2020-02", "monthly_sales": "--", "share_manufacturers": "--", "sales_ranking_month": "--", "maker_ranking": "--", "ranking_compact_cars": "--"}
{"date": "2020-01", "monthly_sales": "9", "share_manufacturers": "0.08%", "sales_ranking_month": "462", "maker_ranking": "4", "ranking_compact_cars": "95"}
{"date": "2019-12", "monthly_sales": "1951", "share_manufacturers": "19.46%", "sales_ranking_month": "232", "maker_ranking": "3", "ranking_compact_cars": "56"}
{"date": "2019-11", "monthly_sales": "7", "share_manufacturers": "0.06%", "sales_ranking_month": "488", "maker_ranking": "5", "ranking_compact_cars": "108"}
{"date": "2019-10", "monthly_sales": "106", "share_manufacturers": "0.88%", "sales_ranking_month": "405", "maker_ranking": "3", "ranking_compact_cars": "86"}
{"date": "2019-09", "monthly_sales": "102", "share_manufacturers": "0.82%", "sales_ranking_month": "423", "maker_ranking": "4", "ranking_compact_cars": "89"}
{"date": "2019-08", "monthly_sales": "127", "share_manufacturers": "1.21%", "sales_ranking_month": "407", "maker_ranking": "4", "ranking_compact_cars": "84"}
{"date": "2019-07", "monthly_sales": "23", "share_manufacturers": "0.33%", "sales_ranking_month": "452", "maker_ranking": "4", "ranking_compact_cars": "94"}
{"date": "2019-06", "monthly_sales": "1060", "share_manufacturers": "8.49%", "sales_ranking_month": "278", "maker_ranking": "3", "ranking_compact_cars": "64"}
{"date": "2019-05", "monthly_sales": "415", "share_manufacturers": "7.32%", "sales_ranking_month": "343", "maker_ranking": "3", "ranking_compact_cars": "80"}
{"date": "2019-04", "monthly_sales": "419", "share_manufacturers": "5.23%", "sales_ranking_month": "334", "maker_ranking": "3", "ranking_compact_cars": "74"}
{"date": "2019-03", "monthly_sales": "60", "share_manufacturers": "0.56%", "sales_ranking_month": "469", "maker_ranking": "4", "ranking_compact_cars": "99"}
{"date": "2019-02", "monthly_sales": "9", "share_manufacturers": "0.18%", "sales_ranking_month": "480", "maker_ranking": "4", "ranking_compact_cars": "103"}
