{"date": null, "monthly_sales": null, "share_manufacturers": null, "sales_ranking_month": null, "maker_ranking": null, "ranking_compact_cars": null}
{"date": "2023-03", "monthly_sales": "2419", "share_manufacturers": "40.23%", "sales_ranking_month": "166", "maker_ranking": "1", "ranking_compact_cars": "40"}
{"date": "2023-02", "monthly_sales": "2215", "share_manufacturers": "57.34%", "sales_ranking_month": "163", "maker_ranking": "1", "ranking_compact_cars": "37"}
{"date": "2023-01", "monthly_sales": "2206", "share_manufacturers": "54.82%", "sales_ranking_month": "154", "maker_ranking": "1", "ranking_compact_cars": "37"}
{"date": "2022-12", "monthly_sales": "4186", "share_manufacturers": "70.94%", "sales_ranking_month": "158", "maker_ranking": "1", "ranking_compact_cars": "40"}
{"date": "2022-11", "monthly_sales": "3899", "share_manufacturers": "70.58%", "sales_ranking_month": "151", "maker_ranking": "1", "ranking_compact_cars": "35"}
{"date": "2022-10", "monthly_sales": "5075", "share_manufacturers": "68.53%", "sales_ranking_month": "128", "maker_ranking": "1", "ranking_compact_cars": "32"}
{"date": "2022-09", "monthly_sales": "4307", "share_manufacturers": "66.91%", "sales_ranking_month": "153", "maker_ranking": "1", "ranking_compact_cars": "35"}
{"date": "2022-08", "monthly_sales": "60", "share_manufacturers": "3.60%", "sales_ranking_month": "458", "maker_ranking": "2", "ranking_compact_cars": "73"}
{"date": "2022-07", "monthly_sales": "4751", "share_manufacturers": "66.81%", "sales_ranking_month": "138", "maker_ranking": "1", "ranking_compact_cars": "29"}
{"date": "2022-06", "monthly_sales": "6825", "share_manufacturers": "70.45%", "sales_ranking_month": "102", "maker_ranking": "1", "ranking_compact_cars": "27"}
{"date": "2022-05", "monthly_sales": "4714", "share_manufacturers": "59.80%", "sales_ranking_month": "106", "maker_ranking": "1", "ranking_compact_cars": "26"}
{"date": "2022-04", "monthly_sales": "1926", "share_manufacturers": "66.99%", "sales_ranking_month": "131", "maker_ranking": "1", "ranking_compact_cars": "37"}
{"date": "2022-03", "monthly_sales": "5480", "share_manufacturers": "65.95%", "sales_ranking_month": "103", "maker_ranking": "1", "ranking_compact_cars": "24"}
{"date": "2022-02", "monthly_sales": "5649", "share_manufacturers": "63.90%", "sales_ranking_month": "74", "maker_ranking": "1", "ranking_compact_cars": "19"}
{"date": "2022-01", "monthly_sales": "13157", "share_manufacturers": "72.50%", "sales_ranking_month": "44", "maker_ranking": "1", "ranking_compact_cars": "11"}
{"date": "2021-12", "monthly_sales": "4560", "share_manufacturers": "37.96%", "sales_ranking_month": "155", "maker_ranking": "1", "ranking_compact_cars": "33"}
{"date": "2021-11", "monthly_sales": "10211", "share_manufacturers": "62.17%", "sales_ranking_month": "62", "maker_ranking": "1", "ranking_compact_cars": "16"}
{"date": "2021-10", "monthly_sales": "10114", "share_manufacturers": "57.32%", "sales_ranking_month": "60", "maker_ranking": "1", "ranking_compact_cars": "16"}
{"date": "2021-09", "monthly_sales": "11998", "share_manufacturers": "69.12%", "sales_ranking_month": "34", "maker_ranking": "1", "ranking_compact_cars": "10"}
{"date": "2021-08", "monthly_sales": "3997", "share_manufacturers": "73.26%", "sales_ranking_month": "117", "maker_ranking": "1", "ranking_compact_cars": "24"}
{"date": "2021-07", "monthly_sales": "6705", "share_manufacturers": "67.02%", "sales_ranking_month": "65", "maker_ranking": "1", "ranking_compact_cars": "18"}
{"date": "2021-06", "monthly_sales": "6501", "share_manufacturers": "64.57%", "sales_ranking_month": "74", "maker_ranking": "1", "ranking_compact_cars": "19"}
{"date": "2021-05", "monthly_sales": "6748", "share_manufacturers": "69.99%", "sales_ranking_month": "74", "maker_ranking": "1", "ranking_compact_cars": "16"}
{"date": "2021-04", "monthly_sales": "7736", "share_manufacturers": "68.45%", "sales_ranking_month": "70", "maker_ranking": "1", "ranking_compact_cars": "14"}
{"date": "2021-03", "monthly_sales": "7725", "share_manufacturers": "69.16%", "sales_ranking_month": "66", "maker_ranking": "1", "ranking_compact_cars": "15"}
{"date": "2021-02", "monthly_sales": "4074", "share_manufacturers": "64.78%", "sales_ranking_month": "79", "maker_ranking": "1", "ranking_compact_cars": "18"}
{"date": "2021-01", "monthly_sales": "8404", "share_manufacturers": "70.86%", "sales_ranking_month": "67", "maker_ranking": "1", "ranking_compact_cars": "16"}
{"date": "2020-12", "monthly_sales": "8952", "share_manufacturers": "64.15%", "sales_ranking_month": "73", "maker_ranking": "1", "ranking_compact_cars": "17"}
{"date": "2020-11", "monthly_sales": "8484", "share_manufacturers": "63.05%", "sales_ranking_month": "77", "maker_ranking": "1", "ranking_compact_cars": "19"}
{"date": "2020-10", "monthly_sales": "9669", "share_manufacturers": "62.15%", "sales_ranking_month": "60", "maker_ranking": "1", "ranking_compact_cars": "15"}
{"date": "2020-09", "monthly_sales": "8899", "share_manufacturers": "59.74%", "sales_ranking_month": "67", "maker_ranking": "1", "ranking_compact_cars": "16"}
{"date": "2020-08", "monthly_sales": "6694", "share_manufacturers": "58.34%", "sales_ranking_month": "75", "maker_ranking": "1", "ranking_compact_cars": "20"}
{"date": "2020-07", "monthly_sales": "6624", "share_manufacturers": "55.57%", "sales_ranking_month": "70", "maker_ranking": "1", "ranking_compact_cars": "16"}
{"date": "2020-06", "monthly_sales": "7035", "share_manufacturers": "55.77%", "sales_ranking_month": "78", "maker_ranking": "1", "ranking_compact_cars": "19"}
{"date": "2020-05", "monthly_sales": "7734", "share_manufacturers": "53.99%", "sales_ranking_month": "66", "maker_ranking": "1", "ranking_compact_cars": "17"}
{"date": "2020-04", "monthly_sales": "8096", "share_manufacturers": "68.84%", "sales_ranking_month": "54", "maker_ranking": "1", "ranking_compact_cars": "16"}
{"date": "2020-03", "monthly_sales": "4811", "share_manufacturers": "71.65%", "sales_ranking_month": "67", "maker_ranking": "1", "ranking_compact_cars": "18"}
{"date": "2020-02", "monthly_sales": "1388", "share_manufacturers": "78.91%", "sales_ranking_month": "49", "maker_ranking": "1", "ranking_compact_cars": "13"}
{"date": "2020-01", "monthly_sales": "6805", "share_manufacturers": "76.75%", "sales_ranking_month": "72", "maker_ranking": "1", "ranking_compact_cars": "19"}
{"date": "2019-12", "monthly_sales": "10100", "share_manufacturers": "80.17%", "sales_ranking_month": "70", "maker_ranking": "1", "ranking_compact_cars": "16"}
{"date": "2019-11", "monthly_sales": "10333", "share_manufacturers": "82.58%", "sales_ranking_month": "60", "maker_ranking": "1", "ranking_compact_cars": "15"}
{"date": "2019-10", "monthly_sales": "10207", "share_manufacturers": "80.67%", "sales_ranking_month": "56", "maker_ranking": "1", "ranking_compact_cars": "17"}
{"date": "2019-09", "monthly_sales": "9563", "share_manufacturers": "74.54%", "sales_ranking_month": "60", "maker_ranking": "1", "ranking_compact_cars": "18"}
{"date": "2019-08", "monthly_sales": "7340", "share_manufacturers": "71.30%", "sales_ranking_month": "69", "maker_ranking": "1", "ranking_compact_cars": "22"}
{"date": "2019-07", "monthly_sales": "8036", "share_manufacturers": "69.52%", "sales_ranking_month": "61", "maker_ranking": "1", "ranking_compact_cars": "19"}
{"date": "2019-06", "monthly_sales": "6413", "share_manufacturers": "66.50%", "sales_ranking_month": "80", "maker_ranking": "1", "ranking_compact_cars": "25"}
{"date": "2019-05", "monthly_sales": "5801", "share_manufacturers": "60.92%", "sales_ranking_month": "78", "maker_ranking": "1", "ranking_compact_cars": "26"}
{"date": "2019-04", "monthly_sales": "5549", "share_manufacturers": "64.55%", "sales_ranking_month": "96", "maker_ranking": "1", "ranking_compact_cars": "31"}
{"date": "2019-03", "monthly_sales": "10786", "share_manufacturers": "75.83%", "sales_ranking_month": "50", "maker_ranking": "1", "ranking_compact_cars": "19"}
{"date": "2019-02", "monthly_sales": "5128", "share_manufacturers": "74.35%", "sales_ranking_month": "71", "maker_ranking": "1", "ranking_compact_cars": "23"}
