{"date": null, "monthly_sales": null, "share_manufacturers": null, "sales_ranking_month": null, "maker_ranking": null, "ranking_compact_cars": null}
{"date": "2023-03", "monthly_sales": "890", "share_manufacturers": "2.27%", "sales_ranking_month": "290", "maker_ranking": "6", "ranking_compact_cars": "60"}
{"date": "2023-02", "monthly_sales": "1402", "share_manufacturers": "2.83%", "sales_ranking_month": "213", "maker_ranking": "5", "ranking_compact_cars": "47"}
{"date": "2023-01", "monthly_sales": "676", "share_manufacturers": "1.68%", "sales_ranking_month": "283", "maker_ranking": "5", "ranking_compact_cars": "60"}
{"date": "2022-12", "monthly_sales": "1631", "share_manufacturers": "2.87%", "sales_ranking_month": "265", "maker_ranking": "5", "ranking_compact_cars": "56"}
{"date": "2022-11", "monthly_sales": "1035", "share_manufacturers": "2.40%", "sales_ranking_month": "296", "maker_ranking": "5", "ranking_compact_cars": "62"}
{"date": "2022-10", "monthly_sales": "2699", "share_manufacturers": "3.75%", "sales_ranking_month": "197", "maker_ranking": "5", "ranking_compact_cars": "46"}
{"date": "2022-09", "monthly_sales": "775", "share_manufacturers": "1.09%", "sales_ranking_month": "347", "maker_ranking": "6", "ranking_compact_cars": "68"}
{"date": "2022-08", "monthly_sales": "1823", "share_manufacturers": "0.01%", "sales_ranking_month": "487", "maker_ranking": "8", "ranking_compact_cars": "76"}
{"date": "2022-07", "monthly_sales": "1786", "share_manufacturers": "2.22%", "sales_ranking_month": "242", "maker_ranking": "4", "ranking_compact_cars": "52"}
{"date": "2022-06", "monthly_sales": "2046", "share_manufacturers": "2.57%", "sales_ranking_month": "215", "maker_ranking": "4", "ranking_compact_cars": "49"}
{"date": "2022-05", "monthly_sales": "1737", "share_manufacturers": "3.31%", "sales_ranking_month": "200", "maker_ranking": "4", "ranking_compact_cars": "47"}
{"date": "2022-04", "monthly_sales": "1318", "share_manufacturers": "3.50%", "sales_ranking_month": "172", "maker_ranking": "4", "ranking_compact_cars": "46"}
{"date": "2022-03", "monthly_sales": "3096", "share_manufacturers": "5.52%", "sales_ranking_month": "162", "maker_ranking": "4", "ranking_compact_cars": "38"}
{"date": "2022-02", "monthly_sales": "5396", "share_manufacturers": "7.26%", "sales_ranking_month": "78", "maker_ranking": "4", "ranking_compact_cars": "20"}
{"date": "2022-01", "monthly_sales": "3925", "share_manufacturers": "3.54%", "sales_ranking_month": "153", "maker_ranking": "4", "ranking_compact_cars": "35"}
{"date": "2021-12", "monthly_sales": "3135", "share_manufacturers": "3.55%", "sales_ranking_month": "201", "maker_ranking": "5", "ranking_compact_cars": "40"}
{"date": "2021-11", "monthly_sales": "3411", "share_manufacturers": "3.69%", "sales_ranking_month": "175", "maker_ranking": "5", "ranking_compact_cars": "34"}
{"date": "2021-10", "monthly_sales": "6092", "share_manufacturers": "7.71%", "sales_ranking_month": "98", "maker_ranking": "4", "ranking_compact_cars": "25"}
{"date": "2021-09", "monthly_sales": "3567", "share_manufacturers": "4.80%", "sales_ranking_month": "143", "maker_ranking": "4", "ranking_compact_cars": "31"}
{"date": "2021-08", "monthly_sales": "1264", "share_manufacturers": "1.57%", "sales_ranking_month": "236", "maker_ranking": "5", "ranking_compact_cars": "50"}
{"date": "2021-07", "monthly_sales": "3592", "share_manufacturers": "4.80%", "sales_ranking_month": "136", "maker_ranking": "5", "ranking_compact_cars": "31"}
{"date": "2021-06", "monthly_sales": "6812", "share_manufacturers": "8.84%", "sales_ranking_month": "65", "maker_ranking": "4", "ranking_compact_cars": "16"}
{"date": "2021-05", "monthly_sales": "5413", "share_manufacturers": "7.33%", "sales_ranking_month": "92", "maker_ranking": "5", "ranking_compact_cars": "20"}
{"date": "2021-04", "monthly_sales": "4755", "share_manufacturers": "5.96%", "sales_ranking_month": "109", "maker_ranking": "5", "ranking_compact_cars": "26"}
{"date": "2021-03", "monthly_sales": "4209", "share_manufacturers": "5.79%", "sales_ranking_month": "117", "maker_ranking": "5", "ranking_compact_cars": "26"}
{"date": "2021-02", "monthly_sales": "3239", "share_manufacturers": "6.35%", "sales_ranking_month": "91", "maker_ranking": "5", "ranking_compact_cars": "20"}
{"date": "2021-01", "monthly_sales": "5959", "share_manufacturers": "5.50%", "sales_ranking_month": "92", "maker_ranking": "5", "ranking_compact_cars": "21"}
{"date": "2020-12", "monthly_sales": "6037", "share_manufacturers": "4.95%", "sales_ranking_month": "106", "maker_ranking": "5", "ranking_compact_cars": "26"}
{"date": "2020-11", "monthly_sales": "5576", "share_manufacturers": "4.75%", "sales_ranking_month": "109", "maker_ranking": "5", "ranking_compact_cars": "26"}
{"date": "2020-10", "monthly_sales": "6952", "share_manufacturers": "6.29%", "sales_ranking_month": "84", "maker_ranking": "5", "ranking_compact_cars": "22"}
{"date": "2020-09", "monthly_sales": "7023", "share_manufacturers": "6.35%", "sales_ranking_month": "81", "maker_ranking": "5", "ranking_compact_cars": "20"}
{"date": "2020-08", "monthly_sales": "6797", "share_manufacturers": "6.67%", "sales_ranking_month": "74", "maker_ranking": "5", "ranking_compact_cars": "19"}
{"date": "2020-07", "monthly_sales": "5352", "share_manufacturers": "5.71%", "sales_ranking_month": "94", "maker_ranking": "5", "ranking_compact_cars": "23"}
{"date": "2020-06", "monthly_sales": "5570", "share_manufacturers": "5.23%", "sales_ranking_month": "93", "maker_ranking": "5", "ranking_compact_cars": "24"}
{"date": "2020-05", "monthly_sales": "2835", "share_manufacturers": "2.87%", "sales_ranking_month": "154", "maker_ranking": "5", "ranking_compact_cars": "39"}
{"date": "2020-04", "monthly_sales": "3609", "share_manufacturers": "4.39%", "sales_ranking_month": "119", "maker_ranking": "5", "ranking_compact_cars": "31"}
{"date": "2020-03", "monthly_sales": "3065", "share_manufacturers": "6.83%", "sales_ranking_month": "93", "maker_ranking": "5", "ranking_compact_cars": "25"}
{"date": "2020-02", "monthly_sales": "1215", "share_manufacturers": "8.30%", "sales_ranking_month": "56", "maker_ranking": "4", "ranking_compact_cars": "15"}
{"date": "2020-01", "monthly_sales": "6343", "share_manufacturers": "7.05%", "sales_ranking_month": "78", "maker_ranking": "5", "ranking_compact_cars": "21"}
{"date": "2019-12", "monthly_sales": "7323", "share_manufacturers": "6.22%", "sales_ranking_month": "95", "maker_ranking": "5", "ranking_compact_cars": "26"}
{"date": "2019-11", "monthly_sales": "5515", "share_manufacturers": "4.82%", "sales_ranking_month": "113", "maker_ranking": "5", "ranking_compact_cars": "34"}
{"date": "2019-10", "monthly_sales": "5837", "share_manufacturers": "5.45%", "sales_ranking_month": "105", "maker_ranking": "5", "ranking_compact_cars": "32"}
{"date": "2019-09", "monthly_sales": "9459", "share_manufacturers": "8.81%", "sales_ranking_month": "62", "maker_ranking": "5", "ranking_compact_cars": "20"}
{"date": "2019-08", "monthly_sales": "10107", "share_manufacturers": "9.89%", "sales_ranking_month": "45", "maker_ranking": "4", "ranking_compact_cars": "13"}
{"date": "2019-07", "monthly_sales": "6004", "share_manufacturers": "7.46%", "sales_ranking_month": "74", "maker_ranking": "5", "ranking_compact_cars": "23"}
{"date": "2019-06", "monthly_sales": "3175", "share_manufacturers": "3.26%", "sales_ranking_month": "169", "maker_ranking": "7", "ranking_compact_cars": "52"}
{"date": "2019-05", "monthly_sales": "8858", "share_manufacturers": "9.92%", "sales_ranking_month": "47", "maker_ranking": "4", "ranking_compact_cars": "16"}
{"date": "2019-04", "monthly_sales": "5434", "share_manufacturers": "6.70%", "sales_ranking_month": "100", "maker_ranking": "5", "ranking_compact_cars": "33"}
{"date": "2019-03", "monthly_sales": "7450", "share_manufacturers": "6.53%", "sales_ranking_month": "92", "maker_ranking": "4", "ranking_compact_cars": "30"}
{"date": "2019-02", "monthly_sales": "2578", "share_manufacturers": "4.22%", "sales_ranking_month": "145", "maker_ranking": "8", "ranking_compact_cars": "40"}
