{"date": null, "monthly_sales": null, "share_manufacturers": null, "sales_ranking_month": null, "maker_ranking": null, "ranking_compact_cars": null}
{"date": "2023-03", "monthly_sales": "3504", "share_manufacturers": "4.32%", "sales_ranking_month": "127", "maker_ranking": "7", "ranking_compact_cars": "29"}
{"date": "2023-02", "monthly_sales": "4271", "share_manufacturers": "7.04%", "sales_ranking_month": "103", "maker_ranking": "6", "ranking_compact_cars": "25"}
{"date": "2023-01", "monthly_sales": "5142", "share_manufacturers": "7.35%", "sales_ranking_month": "82", "maker_ranking": "6", "ranking_compact_cars": "20"}
{"date": "2022-12", "monthly_sales": "8407", "share_manufacturers": "8.96%", "sales_ranking_month": "81", "maker_ranking": "5", "ranking_compact_cars": "19"}
{"date": "2022-11", "monthly_sales": "5928", "share_manufacturers": "8.19%", "sales_ranking_month": "100", "maker_ranking": "5", "ranking_compact_cars": "25"}
{"date": "2022-10", "monthly_sales": "4354", "share_manufacturers": "5.22%", "sales_ranking_month": "146", "maker_ranking": "5", "ranking_compact_cars": "36"}
{"date": "2022-09", "monthly_sales": "7959", "share_manufacturers": "6.97%", "sales_ranking_month": "94", "maker_ranking": "6", "ranking_compact_cars": "23"}
{"date": "2022-08", "monthly_sales": "204", "share_manufacturers": "0.32%", "sales_ranking_month": "405", "maker_ranking": "13", "ranking_compact_cars": "69"}
{"date": "2022-07", "monthly_sales": "8107", "share_manufacturers": "8.09%", "sales_ranking_month": "82", "maker_ranking": "4", "ranking_compact_cars": "19"}
{"date": "2022-06", "monthly_sales": "10001", "share_manufacturers": "8.11%", "sales_ranking_month": "62", "maker_ranking": "3", "ranking_compact_cars": "15"}
{"date": "2022-05", "monthly_sales": "9964", "share_manufacturers": "11.19%", "sales_ranking_month": "45", "maker_ranking": "4", "ranking_compact_cars": "15"}
{"date": "2022-04", "monthly_sales": "6033", "share_manufacturers": "15.30%", "sales_ranking_month": "40", "maker_ranking": "2", "ranking_compact_cars": "9"}
{"date": "2022-03", "monthly_sales": "7359", "share_manufacturers": "9.61%", "sales_ranking_month": "77", "maker_ranking": "5", "ranking_compact_cars": "18"}
{"date": "2022-02", "monthly_sales": "3994", "share_manufacturers": "5.65%", "sales_ranking_month": "106", "maker_ranking": "6", "ranking_compact_cars": "24"}
{"date": "2022-01", "monthly_sales": "8170", "share_manufacturers": "7.90%", "sales_ranking_month": "82", "maker_ranking": "5", "ranking_compact_cars": "20"}
{"date": "2021-12", "monthly_sales": "10919", "share_manufacturers": "9.61%", "sales_ranking_month": "69", "maker_ranking": "5", "ranking_compact_cars": "17"}
{"date": "2021-11", "monthly_sales": "4792", "share_manufacturers": "5.48%", "sales_ranking_month": "132", "maker_ranking": "7", "ranking_compact_cars": "27"}
{"date": "2021-10", "monthly_sales": "2948", "share_manufacturers": "3.46%", "sales_ranking_month": "177", "maker_ranking": "7", "ranking_compact_cars": "36"}
{"date": "2021-09", "monthly_sales": "2031", "share_manufacturers": "3.47%", "sales_ranking_month": "193", "maker_ranking": "7", "ranking_compact_cars": "38"}
{"date": "2021-08", "monthly_sales": "1984", "share_manufacturers": "3.43%", "sales_ranking_month": "183", "maker_ranking": "9", "ranking_compact_cars": "39"}
{"date": "2021-07", "monthly_sales": "5003", "share_manufacturers": "12.70%", "sales_ranking_month": "97", "maker_ranking": "3", "ranking_compact_cars": "25"}
{"date": "2021-06", "monthly_sales": "8014", "share_manufacturers": "14.93%", "sales_ranking_month": "50", "maker_ranking": "2", "ranking_compact_cars": "14"}
{"date": "2021-05", "monthly_sales": "6807", "share_manufacturers": "7.05%", "sales_ranking_month": "73", "maker_ranking": "5", "ranking_compact_cars": "15"}
{"date": "2021-04", "monthly_sales": "5889", "share_manufacturers": "8.79%", "sales_ranking_month": "88", "maker_ranking": "5", "ranking_compact_cars": "20"}
{"date": "2021-03", "monthly_sales": "5478", "share_manufacturers": "4.22%", "sales_ranking_month": "90", "maker_ranking": "6", "ranking_compact_cars": "22"}
{"date": "2021-02", "monthly_sales": "3065", "share_manufacturers": "4.43%", "sales_ranking_month": "97", "maker_ranking": "6", "ranking_compact_cars": "21"}
{"date": "2021-01", "monthly_sales": "5448", "share_manufacturers": "4.51%", "sales_ranking_month": "102", "maker_ranking": "5", "ranking_compact_cars": "22"}
{"date": "2020-12", "monthly_sales": "7503", "share_manufacturers": "6.10%", "sales_ranking_month": "82", "maker_ranking": "6", "ranking_compact_cars": "21"}
{"date": "2020-11", "monthly_sales": "5722", "share_manufacturers": "3.71%", "sales_ranking_month": "105", "maker_ranking": "7", "ranking_compact_cars": "25"}
{"date": "2020-10", "monthly_sales": "7844", "share_manufacturers": "5.56%", "sales_ranking_month": "75", "maker_ranking": "6", "ranking_compact_cars": "18"}
{"date": "2020-09", "monthly_sales": "8283", "share_manufacturers": "6.04%", "sales_ranking_month": "71", "maker_ranking": "6", "ranking_compact_cars": "17"}
{"date": "2020-08", "monthly_sales": "6686", "share_manufacturers": "5.94%", "sales_ranking_month": "76", "maker_ranking": "6", "ranking_compact_cars": "21"}
{"date": "2020-07", "monthly_sales": "9095", "share_manufacturers": "9.87%", "sales_ranking_month": "59", "maker_ranking": "5", "ranking_compact_cars": "14"}
{"date": "2020-06", "monthly_sales": "10006", "share_manufacturers": "9.49%", "sales_ranking_month": "56", "maker_ranking": "6", "ranking_compact_cars": "16"}
{"date": "2020-05", "monthly_sales": "8747", "share_manufacturers": "8.33%", "sales_ranking_month": "58", "maker_ranking": "6", "ranking_compact_cars": "15"}
{"date": "2020-04", "monthly_sales": "6789", "share_manufacturers": "7.67%", "sales_ranking_month": "67", "maker_ranking": "6", "ranking_compact_cars": "18"}
{"date": "2020-03", "monthly_sales": "4212", "share_manufacturers": "6.23%", "sales_ranking_month": "75", "maker_ranking": "6", "ranking_compact_cars": "21"}
{"date": "2020-02", "monthly_sales": "157", "share_manufacturers": "1.78%", "sales_ranking_month": "219", "maker_ranking": "6", "ranking_compact_cars": "50"}
{"date": "2020-01", "monthly_sales": "8310", "share_manufacturers": "7.34%", "sales_ranking_month": "65", "maker_ranking": "6", "ranking_compact_cars": "17"}
{"date": "2019-12", "monthly_sales": "7453", "share_manufacturers": "5.83%", "sales_ranking_month": "92", "maker_ranking": "7", "ranking_compact_cars": "23"}
{"date": "2019-11", "monthly_sales": "7765", "share_manufacturers": "4.91%", "sales_ranking_month": "82", "maker_ranking": "7", "ranking_compact_cars": "23"}
{"date": "2019-10", "monthly_sales": "9063", "share_manufacturers": "6.16%", "sales_ranking_month": "65", "maker_ranking": "7", "ranking_compact_cars": "18"}
{"date": "2019-09", "monthly_sales": "9994", "share_manufacturers": "6.50%", "sales_ranking_month": "55", "maker_ranking": "7", "ranking_compact_cars": "16"}
{"date": "2019-08", "monthly_sales": "7991", "share_manufacturers": "6.45%", "sales_ranking_month": "64", "maker_ranking": "6", "ranking_compact_cars": "18"}
{"date": "2019-07", "monthly_sales": "7574", "share_manufacturers": "7.30%", "sales_ranking_month": "64", "maker_ranking": "6", "ranking_compact_cars": "20"}
{"date": "2019-06", "monthly_sales": "9740", "share_manufacturers": "9.72%", "sales_ranking_month": "52", "maker_ranking": "6", "ranking_compact_cars": "16"}
{"date": "2019-05", "monthly_sales": "10423", "share_manufacturers": "10.67%", "sales_ranking_month": "38", "maker_ranking": "4", "ranking_compact_cars": "13"}
{"date": "2019-04", "monthly_sales": "9469", "share_manufacturers": "8.62%", "sales_ranking_month": "47", "maker_ranking": "5", "ranking_compact_cars": "17"}
{"date": "2019-03", "monthly_sales": "10135", "share_manufacturers": "8.87%", "sales_ranking_month": "53", "maker_ranking": "5", "ranking_compact_cars": "20"}
{"date": "2019-02", "monthly_sales": "5398", "share_manufacturers": "6.83%", "sales_ranking_month": "66", "maker_ranking": "6", "ranking_compact_cars": "22"}
